1575 2771
360 421 535 479 XIII.
609 423 1182 483 TIMOTHEUS.

610 621 853 659 CAPUT
893 623 926 659 I.

190 698 220 731 1.
253 695 493 739 Tmornnus,
517 695 680 733 Cononis
708 697 818 741 filius,
842 698 1093 735 Atheniensis.
1151 699 1227 736 Hie
1251 712 1275 736 a
1296 706 1404 749 patre

131 765 326 808 acceptam
345 759 504 807 gloriam
519 761 650 797 multis
671 762 778 798 auxit
794 762 1010 799 virtutibus.
1069 763 1162 800 Fuit
1177 763 1279 800 enim
1293 762 1403 800 diser-

128 828 200 866 tus,
225 823 395 872 impiger,
420 823 634 868 laboriosus,
660 825 713 862 rei
743 826 919 863 militaris
948 826 1099 875 peritus,
1124 840 1244 876 neque
1277 827 1402 864 minus

128 887 296 924 civitatis
315 888 493 935 regendae.
553 891 588 924 2.
621 889 753 926 Multa
772 890 884 938 hujus
904 897 992 926 sunt
1011 891 1186 938 praeclare
1205 890 1318 933 facta,
1341 891 1402 927 sed

127 951 206 988 haec
225 952 391 988 maxime
411 953 583 989 illustria.
641 954 840 1002 Olynthios
856 960 893 990 et
906 954 1111 1002 Byzantios
1126 954 1221 990 bello
1241 953 1398 1001 subegit.

128 1015 290 1051 Samum
305 1015 414 1064 cepit,
430 1016 469 1051 in
484 1029 558 1064 qua
573 1017 825 1065 oppugnanda
841 1017 1025 1066 superiore
1040 1017 1137 1053 bello
1150 1017 1401 1053 Athenienses

124 1078 229 1115 mille
255 1084 293 1115 et
315 1079 478 1115 ducenta
504 1079 650 1116 talenta
683 1086 974 1117 consumserant.
1043 1080 1090 1117 Id
1117 1080 1180 1116 ille
1213 1080 1291 1116 sine
1320 1081 1401 1117 ulla

123 1141 276 1191 publica
294 1142 464 1192 impensa
482 1144 618 1192 populo
638 1144 804 1181 restituit
821 1157 828 1181 :
854 1144 1033 1181 adversus
1050 1144 1190 1181 Cotum
1204 1143 1306 1181 bella
1324 1158 1399 1192 ges-

124 1206 183 1249 sit,
201 1207 249 1243 ab
264 1219 377 1256 eoque
397 1207 501 1243 mille
520 1213 558 1244 et
578 1205 742 1244 ducenta
762 1208 910 1244 talenta
927 1208 1059 1257 praedae
1079 1208 1119 1244 in
1135 1207 1332 1257 publicum
1347 1221 1399 1245 re-

123 1270 224 1306 tulit.
283 1270 468 1320 Cyzicum
493 1270 681 1308 obsidione
704 1271 892 1308 liberavit.
950 1274 985 1308 3.
1016 1271 1265 1308 Ariobarzani
1288 1272 1395 1308 simu]

123 1347 212 1371 cum
231 1334 406 1383 Agesilao
427 1335 567 1372 auxilio
585 1336 770 1384 profectus
786 1342 841 1372 est
858 1348 865 1373 ;
897 1348 919 1372 a
938 1349 1008 1384 quo
1028 1349 1147 1384 quum
1165 1335 1271 1372 Laco
1289 1348 1398 1384 pecu-

121 1398 227 1435 niam
241 1406 483 1436 numeratam
499 1400 711 1448 accepisset,
726 1400 788 1436 ille
801 1399 900 1436 cives
913 1413 996 1436 suos
1012 1412 1101 1447 agro
1118 1405 1231 1448 atque
1244 1397 1398 1436 urbibus

123 1462 251 1511 augeri
272 1463 422 1508 maluit,
443 1477 559 1514 quam
578 1463 617 1501 id
636 1478 792 1508 sumere,
815 1465 921 1513 cujus
940 1470 1089 1514 partem
1109 1465 1264 1501 domum
1286 1477 1396 1501 suam

121 1525 214 1563 ferre
231 1533 365 1577 posset.
422 1527 560 1577 Itaque
580 1529 726 1578 aceepit
747 1528 949 1565 Crithoten
968 1534 1006 1565 et
1028 1528 1192 1566 Sestum.

586 1711 827 1748 CAPUT
866 1711 932 1748 II.

178 1788 210 1822 1.
235 1785 340 1823 IDEM
359 1785 468 1823 classi
483 1786 680 1835 praefectus
696 1786 980 1823 circumvehens
996 1787 1305 1836 Peloponnesum,
1319 1787 1386 1826 La

120 1849 274 1886 conicen
299 1850 513 1899 populatus,
538 1850 696 1886 classem
724 1863 854 1887 eorum
882 1850 1055 1899 fugavit3
1093 1851 1299 1900 Corcyram
1326 1851 1395 1889 sub

119 1912 321 1962 imperium
343 1913 638 1951 Atheniensium
665 1914 831 1962 redegit,
873 1914 1059 1964 sociosque
1086 1913 1187 1951 idem
1222 1916 1394 1964 adjunxit

120 1976 310 2027 EpirotaS‚
335 1977 588 2021 Athamanas,
614 1977 801 2021 Chaonas,
826 1991 1026 2027 omnesque
1056 1991 1119 2015 eas
1148 1985 1287 2026 gentes,
1312 1993 1394 2028 quae

120 2054 224 2078 mare
243 2041 337 2077 illud
356 2039 542 2090 adjacent.
600 2043 635 2078 2.
661 2041 746 2087 Quo
766 2042 865 2079 facto
885 2042 1164 2080 Lacedaemonii
1183 2043 1227 2079 de
1247 2041 1394 2080 diutina

121 2104 357 2142 contentione
376 2105 612 2149 destiterunt,
633 2112 671 2143 et
691 2119 760 2143 sua
782 2113 910 2156 sponte
930 2105 1225 2144 Atheniensibus
1246 2107 1394 2156 imperii

120 2168 305 2205 maritimi
331 2169 588 2218 principatum
616 2176 899 2214 concesserunt;
931 2183 1137 2219 pacemque
1164 2170 1222 2206 his
1249 2171 1394 2218 legibus

122 2232 405 2276 constituerunt,
426 2239 471 2270 ut
490 2234 742 2271 Athenienses
764 2234 862 2271 mari
881 2234 993 2271 duces
1015 2240 1148 2271 essent.
1206 2234 1300 2279 Quae
1320 2234 1393 2270 vic-

122 2295 218 2332 toria
245 2300 363 2332 tantae
391 2295 463 2332 fuit
485 2297 626 2333 Atticis
654 2297 803 2340 laetitiae,
823 2303 868 2333 ut
896 2303 981 2334 tum
1008 2297 1175 2346 primum
1204 2310 1277 2334 arae
1299 2296 1392 2334 Paci

122 2357 270 2408 publice
285 2358 360 2395 sint
375 2358 485 2395 sactae
500 2359 605 2408 eique
621 2358 697 2396 deae
712 2360 890 2408 pulvinar
905 2360 953 2396 sit
968 2360 1198 2396 institutum.
1257 2362 1292 2396 3.
1319 2359 1392 2397 Cu-

125 2423 188 2473 jus
211 2420 333 2459 laudis
354 2428 399 2459 ut
421 2422 602 2459 memoria
625 2428 806 2466 maneret,
829 2422 1032 2460 Timotheo
1054 2422 1204 2473 publice
1226 2429 1392 2461 statuam

721 2488 797 2524 (32
