1575 2771
137 211 177 254 3,
201 206 262 261 4.]
633 219 657 244 1.
690 217 928 244 MlL'mADES.
1374 209 1400 245 5

137 306 358 350 tradidisset,
380 307 525 356 quibus,
545 320 583 343 se
605 319 784 355 oppresso,
805 305 912 342 nulla
931 318 1012 354 spes
1030 304 1162 341 salutis
1180 304 1397 352 relinquere·

137 377 210 408 tur.
266 371 315 407 In
342 371 412 408 hoc
439 370 511 407 filit
539 376 624 407 tum
651 383 806 406 numero
829 367 1034 412 Miltiades,
1059 368 1120 405 cui
1142 368 1208 404 illa
1231 367 1399 406 custodia

137 432 358 471 crederetur.
410 436 447 470 3.
467 433 542 470 Hic
564 446 682 482 quum
704 432 821 469 crebri
842 432 1016 469 afferrent
1039 430 1174 475 nuntii,
1195 431 1296 467 male
1319 445 1399 486 rem

137 510 263 545 gerere
286 496 451 533 Darium
472 496 661 546 premique
686 497 732 532 ab
754 495 914 544 Scythis,
936 493 1133 532 Miltiades
1151 495 1324 531 hortatus
1343 501 1399 532 est

136 559 258 609 pontis
286 558 466 603 custodes,
491 573 537 595 ne
567 573 589 595 a
610 559 761 595 fortuna
784 557 915 595 datam
942 558 1172 595 occasionem
1198 557 1399 594 liberandae

138 622 295 659 Graeciae
314 621 559 659 dimitterent.
607 625 644 658 4.
666 622 772 658 Nam
792 621 821 658 si
841 635 929 658 cum
948 622 1005 658 his
1021 621 1143 670 copiis,
1161 635 1253 670 quas
1273 635 1400 658 secum

137 691 468 734 transportaverat,
489 685 675 722 interisset
698 685 849 728 Darius,
869 699 944 722 non
967 685 1087 721 solum
1110 685 1306 734 Europam
1324 685 1400 721 sore

137 757 274 795 tutam,
295 749 359 788 sed
386 751 504 788 etiam
531 764 601 794 eos,
623 751 686 800 qui
709 751 843 788 Asiam
870 751 1072 787 incolerent
1101 750 1226 787 Graeoi
1253 764 1398 798 genere,

136 814 267 851 liberos
290 828 313 851 a
335 815 536 851 Persarum
558 814 702 851 futuros
725 813 977 851 dominatione
1001 820 1038 850 et
1060 814 1235 862 periculo.
1292 812 1339 850 Id
1362 819 1399 850 et

137 877 244 914 facile
272 877 369 914 effici
395 890 521 926 posse;
552 884 663 926 ponte
691 878 792 914 enim
820 878 979 920 rescisso,
1001 891 1129 925 regem
1151 878 1212 913 vel
1233 877 1400 913 hostium

137 941 241 984 ferro,
262 941 322 978 vel
341 941 466 989 inopia
484 941 613 989 paucis
632 939 760 977 diebus
778 941 1031 976 interiturum.
1086 942 1120 975 5.
1147 938 1209 975 Ad
1229 941 1298 976 hoc
1319 953 1400 976 con-

137 1004 262 1040 silium
285 1017 402 1052 quum
424 1003 588 1052 plerique
612 1002 840 1046 accederent,
862 1003 1043 1039 Histiaeus
1067 1003 1249 1046 Milesius,
1275 1016 1321 1039 ne
1344 1016 1401 1039 res

137 1066 389 1110 conficeretur,
419 1066 575 1109 obstitit,
605 1064 752 1103 dicens:
784 1080 859 1102 non
886 1065 986 1102 idem
1013 1066 1110 1115 ipsis,
1141 1066 1204 1114 qui
1233 1080 1401 1103 summas

135 1129 282 1178 imperii
303 1135 484 1173 tenerent,
509 1128 680 1178 expedire
704 1136 741 1166 et
764 1128 1011 1172 multitudini,
1036 1128 1133 1178 quod
1156 1129 1266 1166 Darii
1288 1143 1400 1177 regno

136 1193 300 1242 ipsorum
321 1193 505 1230 niteretur
527 1192 754 1230 dominatio:
784 1207 856 1242 quo
883 1194 1064 1230 exstincto
1092 1194 1188 1242 ipsos
1215 1200 1401 1243 potestate

137 1257 306 1306 expulsos
325 1256 468 1294 civibus
487 1256 562 1293 suis
580 1270 707 1306 poenas
726 1255 887 1293 daturos.
945 1258 1080 1305 Itaque
1104 1256 1194 1294 adeo
1215 1271 1251 1294 se
1272 1258 1400 1294 abhor-

137 1333 216 1357 rere
239 1333 262 1357 a
284 1326 491 1357 ceterorum
513 1320 673 1363 consilio,
694 1326 739 1357 ut
761 1320 856 1357 nihil
877 1326 986 1369 putet
1009 1320 1096 1369 ipsis
1118 1320 1259 1364 utilius,
1285 1334 1401 1369 quam

137 1383 349 1420 confirmari
366 1397 527 1431 regnum
545 1384 759 1420 Persarum.
817 1386 852 1420 6.
882 1384 1010 1432 Hujus
1032 1398 1150 1433 quum
1174 1384 1401 1422 sententiam

137 1446 289 1496 plurimi
316 1452 437 1483 essent
464 1447 593 1490 secuti,
616 1445 821 1491 Miltiades,
845 1461 919 1484 non
946 1446 1135 1491 dubitans,
1160 1454 1242 1484 tam
1269 1448 1401 1501 multis

137 1510 289 1547 consciis
308 1509 357 1547 ad
374 1510 469 1559 regis
489 1524 596 1547 aures
615 1511 768 1548 consilia
786 1525 855 1548 sua
868 1518 1106 1561 perventura,
1126 1512 1401 1550 Chersonesum

137 1573 297 1622 reliquit,
313 1587 355 1611 ac
374 1587 501 1611 rursus
515 1575 688 1611 Athenas
703 1573 939 1623 demigravit.
989 1575 1110 1623 Cujus
1128 1576 1308 1618 rati0,etsi
1326 1589 1400 1612 non

139 1637 270 1679 valuit,
291 1643 422 1673 tamen
447 1650 673 1686 magnopere
701 1644 756 1674 est
778 1637 979 1681 laudanda,
1001 1651 1120 1686 quum
1149 1638 1300 1674 amicior
1325 1652 1384 1674 om

138 1700 245 1737 nium
262 1699 439 1744 libertati,
459 1714 574 1749 quam
594 1714 668 1737 suae
688 1700 800 1737 suerit
819 1699 1074 1737 dominationi.

587 1881 829 1919 CAPUT
867 1882 948 1919 IV.

193 1960 226 1994 1.
244 1956 394 1994 DARIUs
413 1962 554 2000 autem,
571 1970 689 2005 quum
705 1970 751 1993 ex
766 1957 921 2006 Europa
935 1956 974 1994 in
989 1956 1124 1994 Asiam
1138 1956 1302 2001 redisset,
1319 1958 1394 1995 hor-

137 2020 306 2058 tantibus
329 2020 468 2064 amicis,
489 2026 533 2057 ut
553 2020 743 2057 Graeciam
765 2019 948 2069 redigeret
970 2021 1010 2057 in
1032 2034 1141 2058 suam
1162 2028 1399 2070 potestatem,

137 2085 294 2121 classem
330 2084 622 2132 quingentarum
654 2084 812 2120 navium
845 2084 1088 2133 comparavit,
1123 2084 1230 2133 eique
1263 2085 1399 2121 Datim

137 2146 300 2196 praesecit
327 2152 365 2183 et
387 2147 689 2195 Artaphernem;
718 2146 847 2195 hisque
876 2145 1040 2183 ducenta
1064 2145 1245 2196 peditum,
1270 2145 1396 2184 decem

138 2209 258 2246 millia
280 2210 450 2258 equitum
477 2208 604 2247 dedit:
640 2223 795 2247 causam
820 2210 1051 2253 interserens,
1082 2224 1119 2246 se
1147 2211 1294 2246 hostem
1322 2223 1399 2246 csse

139 2271 442 2316 Atheniensibus,
467 2271 564 2321 quod
586 2286 714 2309 corum
737 2273 876 2309 auxilio
899 2274 1008 2309 Iones
1033 2271 1169 2309 Sardes
1192 2286 1398 2321 expugnas-

139 2341 220 2372 sent
248 2348 388 2384 suaque
416 2334 585 2384 praesidja
612 2335 890 2372 interfecissent.
949 2338 984 2372 2.
1015 2336 1078 2372 Illi
1105 2335 1267 2384 praefecti
1295 2335 1399 2383 regii,

139 2400 254 2437 classe
275 2398 322 2436 ad
342 2398 529 2436 Euboeam
549 2399 715 2447 appulsa,
733 2399 901 2435 celeriter
918 2399 1109 2435 Eretriam
1130 2405 1308 2447 ceperunt
1323 2412 1399 2435 om·

141 2476 275 2512 nesquc
298 2463 376 2511 ejus
397 2462 519 2510 gentis
542 2462 641 2499 cives
665 2461 835 2510 abreptos
857 2462 896 2498 in
916 2461 1048 2498 Asiam
1073 2459 1119 2497 ad
1142 2475 1270 2509 regem
1292 2462 1398 2500 mise·
