1575 2771
128 200 168 245 4,
184 196 244 252 5.]
578 208 698 234 xvm.
725 207 935 234 nummus.
1335 200 1390 237 89

127 299 241 336 simul
260 311 304 335 ac
326 297 458 347 potuit,
480 295 528 337 ad
550 297 798 346 Antipatrum
821 296 970 345 recepit.
1027 298 1064 332 4.
1089 296 1281 333 Eumenes
1301 297 1391 334 Cra-

127 368 262 405 terum,
282 375 329 398 ex
349 361 428 398 acie
447 361 672 397 semivivum
691 360 845 402 elatum,
867 372 1031 396 recreare
1051 357 1205 395 studuit.
1262 359 1392 404 Quum

127 424 165 462 id
183 438 258 462 non
276 431 406 474 posset,
423 438 488 474 pro
503 424 664 460 hominis
683 422 878 471 dignitate,
895 436 1032 471 proque
1050 423 1208 471 pristina
1224 423 1393 459 amicitia

128 488 307 538 (namque
330 489 393 525 illo
416 501 505 525 usus
528 494 618 530 erat,
639 485 855 524 Alexandro
879 487 975 529 vivo,
997 487 1247 536 familiariter)
1268 487 1393 535 amplo

127 551 256 588 funere
281 552 418 588 extulit
440 564 593 600 ossaque
614 551 654 587 in
676 550 944 587 BIacedoniam
967 550 1073 586 uxori
1096 551 1175 598 ejus
1204 563 1248 587 ac
1270 550 1394 587 liberis

127 621 280 651 rerrnsit.

601 791 842 828 CAPUT
880 791 927 827 V.

184 869 216 901 1.
234 865 334 901 HAEc
353 866 444 901 dum
460 864 561 914 apud
572 866 862 915 Hellespontimi
877 872 1067 913 geruntur,
1082 866 1279 903 Perdiccas
1295 867 1394 916 apud

127 929 272 965 flumen
294 929 431 965 Nilum
457 929 683 966 interficitur
702 942 725 965 a
747 929 901 965 Seleuco
928 936 965 965 et
984 930 1175 977 Antigene
1197 943 1391 978 rerumque

128 1006 279 1029 summa
301 993 350 1028 ad
368 993 618 1040 Antipatrum
641 991 815 1027 defertur.
873 992 959 1034 Hic,
981 992 1045 1039 qui
1065 993 1313 1035 deseruerant,
1336 1006 1394 1029 ex-

127 1056 246 1092 ercitu
276 1055 497 1102 suffragium
526 1054 675 1097 ferente,
707 1054 840 1103 capitis
872 1054 1042 1090 absentes
1070 1053 1324 1092 damnantur:
1355 1055 1395 1092 in

126 1119 186 1155 his
198 1119 401 1155 Eumenes.
449 1119 535 1155 Hac
550 1118 613 1154 ille
628 1131 822 1167 percussus
836 1118 950 1166 plaga
964 1131 1038 1154 11011
1053 1117 1262 1161 succubuit,
1277 1131 1396 1167 neque

126 1199 169 1222 eo
191 1185 309 1221 secius
330 1185 473 1221 bellum
497 1183 786 1221 administravit.
845 1185 919 1221 Sed.
942 1185 1055 1221 exiles
1077 1199 1135 1221 res
1158 1186 1274 1222 animi
1293 1200 1396 1234 mag-

127 1249 349 1292 nitudinem‚
367 1249 437 1285 etsi
452 1262 526 1285 non
540 1247 773 1296 frangebant,
791 1255 921 1284 tamen
940 1249 1173 1285 minuebant.
1223 1252 1257 1285 2.
1280 1250 1396 1286 Hunc

125 1325 346 1362 persequens
365 1312 589 1360 Antigonus,
607 1325 725 1360 quum
744 1312 845 1348 0111111
865 1325 998 1359 genere
1017 1312 1210 1361 copiarum
1229 1311 1395 1349 abunda-

126 1381 192 1419 ret,
209 1388 304 1423 saepe
322 1375 363 1411 in
381 1375 578 1412 itineribus
593 1376 812 1418 vexabatur,
830 1389 949 1423 neque
964 1389 1149 1424 umquam
1169 1377 1216 1412 ad
1234 1389 1395 1413 manum

127 1439 298 1475 accedere
325 1438 473 1482 licebat,
495 1439 567 1475 nisi
589 1439 648 1475 his
676 1438 775 1481 locis,
797 1437 932 1487 quibus
960 1439 1072 1487 pauci
1095 1440 1226 1476 multis
1248 1446 1395 1489 possent

126 1502 302 1539 resistere.
359 1504 394 1538 3.
428 1502 502 1538 Sed
524 1508 690 1538 extremo
713 1508 889 1550 tempore,
909 1515 1028 1550 quum
1051 1503 1201 1539 consilio
1220 1503 1305 1552 capi
1322 1517 1396 1541 non

127 1571 258 1614 posset,
281 1565 526 1601 multitudine
549 1565 828 1601 circumventus
851 1571 916 1601 est.
974 1565 1077 1601 Hinc
1101 1572 1240 1609 tamen,
1265 1566 1396 1602 multis

128 1628 204 1664 suis
223 1628 377 1671 amissis,
395 1641 432 1664 se
451 1626 639 1676 expedivit
659 1634 696 1663 et
710 1628 750 1663 in
765 1628 962 1663 castellum
977 1628 1162 1676 Phrygiae,
1179 1630 1276 1676 quod
1290 1629 1331 1664 N
1333 1642 1396 1665 ora

130 1692 351 1740 appellatur,
376 1690 553 1738 confugit.
611 1693 646 1726 4.
678 1690 727 1726 In
755 1703 826 1738 quo
854 1703 972 1738 quum
1000 1691 1332 1727 circumsederetur
1359 1697 1396 1728 et

128 1761 329 1798 vereretur,
346 1768 392 1791 ne
412 1768 486 1790 11110
505 1755 584 1790 1000
602 1767 760 1790 manens
779 1767 889 1802 equos
908 1754 1089 1790 militares
1104 1755 1282 1803 perderet,
1300 1754 1397 1803 quod

128 1820 294 1869 spatium
321 1833 396 1856 non
423 1825 517 1855 esset
546 1818 737 1866 agitandi:
772 1816 952 1854 callidum
979 1818 1052 1854 fuit
1079 1818 1158 1866 ejus
1186 1818 1394 1861 inventum,

128 1882 446 1932 quemadmodum
466 1889 568 1918 stans
582 1882 801 1929 jumentum
822 1881 1052 1917 concalefieri
1072 1882 1303 1930 exercerique
1318 1895 1396 1930 pos-

129 1952 194 1989 set,
215 1959 286 1995 quo
314 1944 491 1982 libentius
519 1951 557 1981 et
585 1945 665 1981 cibo
694 1951 871 1987 uteretur,
894 1951 932 1981 et
960 1957 984 1980 a
1007 1945 1165 1993 corporis
1192 1951 1299 1981 motu
1321 1958 1396 1981 non

128 2014 392 2046 removeretur.
451 2010 485 2044 5.
519 2006 810 2056 Substringebat
833 2014 947 2056 caput
971 2008 1046 2044 loro
1070 2008 1193 2051 altius,
1214 2021 1331 2056 quam
1353 2014 1396 2044 ut

128 2072 311 2121 prioribus
329 2072 485 2121 pedibus
503 2072 614 2120 plane
634 2077 774 2107 terram
792 2078 914 2120 posset
934 2071 1116 2119 attingere
1132 2084 1139 2115 ;
1165 2070 1295 2108 deinde
1314 2078 1396 2120 post

128 2135 344 2172 verberibus
362 2134 517 2182 cogebat
536 2135 723 2170 exsultare
743 2141 779 2171 et
795 2135 915 2171 calces
930 2135 1129 2171 remittere.
1175 2135 1252 2179 Qui
1271 2141 1396 2171 motus

129 2211 205 2235 non
221 2198 347 2234 minus
365 2198 537 2234 sudorem
556 2197 782 2241 excutiebat,
800 2211 916 2246 quam
931 2198 961 2234 si
976 2198 1015 2234 in
1034 2198 1152 2246 spatio
1172 2196 1393 2234 decurreret.

132 2258 169 2297 61
198 2260 283 2305 Quo
311 2260 457 2296 sactmn
485 2267 550 2303 est,
580 2261 678 2309 quod
705 2261 878 2297 omnibus
905 2261 1077 2297 mirabile
1105 2267 1160 2297 est
1188 2261 1322 2302 visum,
1352 2265 1396 2296 111

131 2336 233 2372 aeque
256 2323 434 2370 jumenta
460 2323 580 2359 nitida
602 2336 649 2359 ex
671 2324 822 2359 castello
846 2324 1028 2366 educeret,
1049 2336 1166 2371 quum
1190 2323 1396 2371 complures

131 2400 275 2424 menses
303 2386 343 2422 in
370 2384 556 2422 obsidione
585 2385 724 2428 suisset,
746 2399 789 2422 ac
818 2386 848 2422 si
875 2386 915 2422 in
943 2386 1213 2434 campestribus
1241 2399 1286 2421 ea
1308 2386 1396 2422 locis

130 2450 334 2488 habuisset.
383 2451 418 2486 7.
440 2449 488 2486 In
506 2449 578 2486 hac
598 2449 841 2492 conclusione,
862 2449 1165 2498 quotiescumque
1184 2449 1313 2492 voluit,
1334 2462 1392 2498 ap
