<?xml version="1.0" encoding="UTF-8"?>
<!DOCTYPE html PUBLIC "-//W3C//DTD XHTML 1.0 Transitional//EN"
    "http://www.w3.org/TR/xhtml1/DTD/xhtml1-transitional.dtd">
<html xmlns="http://www.w3.org/1999/xhtml" xml:lang="en" lang="en">
 <head>
  <title>
</title>
<meta http-equiv="Content-Type" content="text/html;charset=utf-8" />
  <meta name='ocr-system' content='tesseract 3.04.00' />
  <meta name='ocr-capabilities' content='ocr_page ocr_carea ocr_par ocr_line ocrx_word'/>
</head>
<body>
  <div class='ocr_page' id='page_1' title='image "./corneliusnepo00nepouoft_0019.png"; bbox 0 0 1575 2771; ppageno 0'>
   <div class='ocr_carea' id='block_1_1' title="bbox 431 471 1095 530">
    <p class='ocr_par' dir='ltr' id='par_1_1' title="bbox 431 471 1095 530">
     <span class='ocr_line' id='line_1_1' title="bbox 431 471 1095 530; baseline -0.003 -1"><span class='ocrx_word' id='word_1_1' title='bbox 431 474 470 530; x_wconf 94' lang='grc' dir='ltr'>Ι.</span> <span class='ocrx_word' id='word_1_2' title='bbox 541 471 1095 529; x_wconf 76' lang='lat' dir='ltr'><strong>MILTIADES.</strong></span> 
     </span>
    </p>
   </div>
   <div class='ocr_carea' id='block_1_2' title="bbox 604 703 918 741">
    <p class='ocr_par' dir='ltr' id='par_1_2' title="bbox 604 703 918 741">
     <span class='ocr_line' id='line_1_2' title="bbox 604 703 918 741; baseline 0 -1"><span class='ocrx_word' id='word_1_3' title='bbox 604 703 846 741; x_wconf 86' lang='lat' dir='ltr'>CAPUT</span> <span class='ocrx_word' id='word_1_4' title='bbox 885 703 918 740; x_wconf 87' lang='grc' dir='ltr'>Ι.</span> 
     </span>
    </p>
   </div>
   <div class='ocr_carea' id='block_1_3' title="bbox 129 777 1451 2102">
    <p class='ocr_par' dir='ltr' id='par_1_3' title="bbox 129 777 1451 2102">
     <span class='ocr_line' id='line_1_3' title="bbox 184 777 1396 827; baseline -0.002 -10"><span class='ocrx_word' id='word_1_5' title='bbox 184 783 218 818; x_wconf 79' lang='grc' dir='ltr'>ἱ.</span> <span class='ocrx_word' id='word_1_6' title='bbox 248 780 483 823; x_wconf 66' lang='lat' dir='ltr'>Mmmnns,</span> <span class='ocrx_word' id='word_1_7' title='bbox 506 779 675 816; x_wconf 79' lang='lat' dir='ltr'>Cimonis</span> <span class='ocrx_word' id='word_1_8' title='bbox 694 779 803 821; x_wconf 85' lang='lat' dir='ltr'>filius,</span> <span class='ocrx_word' id='word_1_9' title='bbox 825 778 1077 821; x_wconf 59' lang='lat' dir='ltr'>Atheniensis</span> <span class='ocrx_word' id='word_1_10' title='bbox 1100 791 1219 827; x_wconf 89' lang='lat' dir='ltr'>quum</span> <span class='ocrx_word' id='word_1_11' title='bbox 1241 784 1280 815; x_wconf 87' lang='lat' dir='ltr'>et</span> <span class='ocrx_word' id='word_1_12' title='bbox 1303 777 1396 815; x_wconf 81' lang='lat' dir='ltr'>anti-</span> 
     </span>
     <span class='ocr_line' id='line_1_4' title="bbox 129 840 1397 892; baseline -0.002 -11"><span class='ocrx_word' id='word_1_13' title='bbox 129 844 273 892; x_wconf 83' lang='lat' dir='ltr'>quitate</span> <span class='ocrx_word' id='word_1_14' title='bbox 289 843 442 891; x_wconf 84' lang='lat' dir='ltr'>generis,</span> <span class='ocrx_word' id='word_1_15' title='bbox 460 849 498 880; x_wconf 87' lang='lat' dir='ltr'>et</span> <span class='ocrx_word' id='word_1_16' title='bbox 513 843 630 891; x_wconf 80' lang='lat' dir='ltr'>gloria</span> <span class='ocrx_word' id='word_1_17' title='bbox 645 843 843 890; x_wconf 80' lang='lat' dir='ltr'>majorum,</span> <span class='ocrx_word' id='word_1_18' title='bbox 861 848 898 879; x_wconf 86' lang='lat' dir='ltr'>et</span> <span class='ocrx_word' id='word_1_19' title='bbox 919 856 986 879; x_wconf 80' lang='lat' dir='ltr'>sua</span> <span class='ocrx_word' id='word_1_20' title='bbox 1005 840 1188 878; x_wconf 79' lang='lat' dir='ltr'>modestia</span> <span class='ocrx_word' id='word_1_21' title='bbox 1208 855 1304 878; x_wconf 83' lang='lat' dir='ltr'>unus</span> <span class='ocrx_word' id='word_1_22' title='bbox 1322 855 1397 878; x_wconf 90' lang='lat' dir='ltr'>om-</span> 
     </span>
     <span class='ocr_line' id='line_1_5' title="bbox 129 905 1397 954; baseline -0.002 -11"><span class='ocrx_word' id='word_1_23' title='bbox 129 907 236 944; x_wconf 89' lang='lat' dir='ltr'>nium</span> <span class='ocrx_word' id='word_1_24' title='bbox 258 906 424 943; x_wconf 77' lang='lat' dir='ltr'><strong>maxime</strong></span> <span class='ocrx_word' id='word_1_25' title='bbox 444 906 591 943; x_wconf 87' lang='lat' dir='ltr'>floreret</span> <span class='ocrx_word' id='word_1_26' title='bbox 615 919 731 954; x_wconf 80' lang='lat' dir='ltr'>eaque</span> <span class='ocrx_word' id='word_1_27' title='bbox 754 912 848 942; x_wconf 86' lang='lat' dir='ltr'>esset</span> <span class='ocrx_word' id='word_1_28' title='bbox 872 912 996 948; x_wconf 76' lang='lat' dir='ltr'>aetnte,</span> <span class='ocrx_word' id='word_1_29' title='bbox 1019 912 1062 941; x_wconf 90' lang='lat' dir='ltr'>ut</span> <span class='ocrx_word' id='word_1_30' title='bbox 1079 906 1164 952; x_wconf 78' lang='lat' dir='ltr'>J&#39;am</span> <span class='ocrx_word' id='word_1_31' title='bbox 1186 919 1259 941; x_wconf 90' lang='lat' dir='ltr'>non</span> <span class='ocrx_word' id='word_1_32' title='bbox 1279 905 1397 941; x_wconf 84' lang='lat' dir='ltr'>solum</span> 
     </span>
     <span class='ocr_line' id='line_1_6' title="bbox 130 967 1397 1018; baseline -0.002 -11"><span class='ocrx_word' id='word_1_33' title='bbox 130 969 175 1007; x_wconf 84' lang='lat' dir='ltr'>de</span> <span class='ocrx_word' id='word_1_34' title='bbox 203 984 245 1007; x_wconf 90' lang='lat' dir='ltr'>eo</span> <span class='ocrx_word' id='word_1_35' title='bbox 272 971 366 1007; x_wconf 88' lang='lat' dir='ltr'>bene</span> <span class='ocrx_word' id='word_1_36' title='bbox 393 983 552 1018; x_wconf 81' lang='lat' dir='ltr'>sperare,</span> <span class='ocrx_word' id='word_1_37' title='bbox 580 968 643 1005; x_wconf 82' lang='lat' dir='ltr'>sed</span> <span class='ocrx_word' id='word_1_38' title='bbox 671 969 788 1006; x_wconf 79' lang='lat' dir='ltr'>etiam</span> <span class='ocrx_word' id='word_1_39' title='bbox 816 967 998 1005; x_wconf 84' lang='lat' dir='ltr'>confidere</span> <span class='ocrx_word' id='word_1_40' title='bbox 1026 968 1125 1005; x_wconf 85' lang='lat' dir='ltr'>cives</span> <span class='ocrx_word' id='word_1_41' title='bbox 1152 974 1301 1017; x_wconf 81' lang='lat' dir='ltr'>possent</span> <span class='ocrx_word' id='word_1_42' title='bbox 1329 968 1397 1011; x_wconf 90' lang='lat' dir='ltr'>sui,</span> 
     </span>
     <span class='ocr_line' id='line_1_7' title="bbox 130 1031 1398 1082; baseline -0.002 -12"><span class='ocrx_word' id='word_1_43' title='bbox 130 1034 248 1070; x_wconf 80' lang='lat' dir='ltr'>talem</span> <span class='ocrx_word' id='word_1_44' title='bbox 276 1033 459 1076; x_wconf 87' lang='lat' dir='ltr'>futurum,</span> <span class='ocrx_word' id='word_1_45' title='bbox 489 1033 641 1082; x_wconf 85' lang='lat' dir='ltr'>qualem</span> <span class='ocrx_word' id='word_1_46' title='bbox 674 1032 867 1080; x_wconf 76' lang='lat' dir='ltr'>cognitum</span> <span class='ocrx_word' id='word_1_47' title='bbox 896 1031 1142 1080; x_wconf 82' lang='lat' dir='ltr'>judicarunt:</span> <span class='ocrx_word' id='word_1_48' title='bbox 1179 1031 1326 1075; x_wconf 80' lang='lat' dir='ltr'>accidit,</span> <span class='ocrx_word' id='word_1_49' title='bbox 1356 1038 1398 1068; x_wconf 88' lang='lat' dir='ltr'>nt</span> 
     </span>
     <span class='ocr_line' id='line_1_8' title="bbox 130 1095 1400 1144; baseline -0.002 -10"><span class='ocrx_word' id='word_1_50' title='bbox 130 1097 380 1134; x_wconf 77' lang='lat' dir='ltr'><strong>Athenienses</strong></span> <span class='ocrx_word' id='word_1_51' title='bbox 397 1096 671 1133; x_wconf 81' lang='lat' dir='ltr'>Chersonesum</span> <span class='ocrx_word' id='word_1_52' title='bbox 691 1096 835 1132; x_wconf 84' lang='lat' dir='ltr'>colonos</span> <span class='ocrx_word' id='word_1_53' title='bbox 854 1096 995 1132; x_wconf 83' lang='lat' dir='ltr'>vellent</span> <span class='ocrx_word' id='word_1_54' title='bbox 1010 1095 1172 1132; x_wconf 84' lang='lat' dir='ltr'>mittere.</span> <span class='ocrx_word' id='word_1_55' title='bbox 1223 1098 1257 1132; x_wconf 82' lang='lat'>2.</span> <span class='ocrx_word' id='word_1_56' title='bbox 1281 1096 1400 1144; x_wconf 88' lang='lat' dir='ltr'>Cujus</span> 
     </span>
     <span class='ocr_line' id='line_1_9' title="bbox 130 1158 1400 1210; baseline -0.002 -13"><span class='ocrx_word' id='word_1_57' title='bbox 130 1160 274 1209; x_wconf 86' lang='lat' dir='ltr'>generis</span> <span class='ocrx_word' id='word_1_58' title='bbox 293 1174 408 1210; x_wconf 88' lang='lat' dir='ltr'>quum</span> <span class='ocrx_word' id='word_1_59' title='bbox 429 1173 591 1208; x_wconf 82' lang='lat' dir='ltr'>magnus</span> <span class='ocrx_word' id='word_1_60' title='bbox 610 1173 790 1196; x_wconf 84' lang='lat' dir='ltr'>numerus</span> <span class='ocrx_word' id='word_1_61' title='bbox 809 1166 914 1203; x_wconf 87' lang='lat' dir='ltr'>esset,</span> <span class='ocrx_word' id='word_1_62' title='bbox 933 1166 970 1196; x_wconf 89' lang='lat' dir='ltr'>et</span> <span class='ocrx_word' id='word_1_63' title='bbox 989 1159 1103 1196; x_wconf 86' lang='lat' dir='ltr'>multi</span> <span class='ocrx_word' id='word_1_64' title='bbox 1119 1160 1198 1208; x_wconf 89' lang='lat' dir='ltr'>ejus</span> <span class='ocrx_word' id='word_1_65' title='bbox 1217 1158 1400 1207; x_wconf 80' lang='lat' dir='ltr'>demigra-</span> 
     </span>
     <span class='ocr_line' id='line_1_10' title="bbox 130 1222 1400 1273; baseline -0.002 -12"><span class='ocrx_word' id='word_1_66' title='bbox 130 1224 240 1262; x_wconf 82' lang='lat' dir='ltr'>tionis</span> <span class='ocrx_word' id='word_1_67' title='bbox 261 1230 431 1273; x_wconf 88' lang='lat' dir='ltr'>peterent</span> <span class='ocrx_word' id='word_1_68' title='bbox 455 1223 696 1261; x_wconf 80' lang='lat' dir='ltr'>societatem:</span> <span class='ocrx_word' id='word_1_69' title='bbox 727 1237 774 1260; x_wconf 78' lang='lat' dir='ltr'>ex</span> <span class='ocrx_word' id='word_1_70' title='bbox 796 1223 854 1260; x_wconf 91' lang='lat' dir='ltr'>his</span> <span class='ocrx_word' id='word_1_71' title='bbox 876 1222 1009 1260; x_wconf 80' lang='lat' dir='ltr'>delecti</span> <span class='ocrx_word' id='word_1_72' title='bbox 1033 1224 1201 1272; x_wconf 87' lang='lat' dir='ltr'>Delphos</span> <span class='ocrx_word' id='word_1_73' title='bbox 1223 1222 1400 1260; x_wconf 84' lang='lat' dir='ltr'>delibera-</span> 
     </span>
     <span class='ocr_line' id='line_1_11' title="bbox 130 1287 1400 1336; baseline -0.001 -12"><span class='ocrx_word' id='word_1_74' title='bbox 130 1294 216 1325; x_wconf 87' lang='lat' dir='ltr'>tum</span> <span class='ocrx_word' id='word_1_75' title='bbox 237 1287 340 1325; x_wconf 89' lang='lat' dir='ltr'>missi</span> <span class='ocrx_word' id='word_1_76' title='bbox 363 1293 461 1331; x_wconf 85' lang='lat' dir='ltr'>sunt,</span> <span class='ocrx_word' id='word_1_77' title='bbox 483 1287 547 1336; x_wconf 89' lang='lat' dir='ltr'>qui</span> <span class='ocrx_word' id='word_1_78' title='bbox 570 1287 804 1324; x_wconf 80' lang='lat' dir='ltr'>consulerent</span> <span class='ocrx_word' id='word_1_79' title='bbox 825 1287 1051 1336; x_wconf 82' lang='lat' dir='ltr'>Apollinem,</span> <span class='ocrx_word' id='word_1_80' title='bbox 1073 1301 1144 1336; x_wconf 84' lang='lat' dir='ltr'>quo</span> <span class='ocrx_word' id='word_1_81' title='bbox 1164 1287 1400 1336; x_wconf 87' lang='lat' dir='ltr'>potissimum</span> 
     </span>
     <span class='ocr_line' id='line_1_12' title="bbox 130 1350 1396 1400; baseline -0.001 -12"><span class='ocrx_word' id='word_1_82' title='bbox 130 1350 454 1388; x_wconf 86' lang='lat' dir='ltr'>duee-uterentur.</span> <span class='ocrx_word' id='word_1_83' title='bbox 511 1351 691 1400; x_wconf 82' lang='lat' dir='ltr'>Namque</span> <span class='ocrx_word' id='word_1_84' title='bbox 714 1357 799 1387; x_wconf 82' lang='lat' dir='ltr'>tum</span> <span class='ocrx_word' id='word_1_85' title='bbox 824 1351 992 1388; x_wconf 79' lang='lat' dir='ltr'>Thraces</span> <span class='ocrx_word' id='word_1_86' title='bbox 1020 1364 1083 1388; x_wconf 81' lang='lat' dir='ltr'>eas</span> <span class='ocrx_word' id='word_1_87' title='bbox 1111 1351 1278 1400; x_wconf 80' lang='lat' dir='ltr'>regiones</span> <span class='ocrx_word' id='word_1_88' title='bbox 1301 1357 1396 1388; x_wconf 87' lang='lat' dir='ltr'>tene-</span> 
     </span>
     <span class='ocr_line' id='line_1_13' title="bbox 129 1413 1400 1464; baseline -0.002 -11"><span class='ocrx_word' id='word_1_89' title='bbox 129 1414 235 1459; x_wconf 80' lang='lat' dir='ltr'>bant,</span> <span class='ocrx_word' id='word_1_90' title='bbox 257 1429 344 1453; x_wconf 86' lang='lat' dir='ltr'>cum</span> <span class='ocrx_word' id='word_1_91' title='bbox 372 1415 506 1464; x_wconf 80' lang='lat' dir='ltr'>quibus</span> <span class='ocrx_word' id='word_1_92' title='bbox 534 1415 648 1452; x_wconf 83' lang='lat' dir='ltr'>armis</span> <span class='ocrx_word' id='word_1_93' title='bbox 675 1421 757 1452; x_wconf 78' lang='lat' dir='ltr'>erat</span> <span class='ocrx_word' id='word_1_94' title='bbox 780 1413 1049 1451; x_wconf 78' lang='lat' dir='ltr'>dimicandum.</span> <span class='ocrx_word' id='word_1_95' title='bbox 1108 1417 1143 1451; x_wconf 82' lang='lat'>3.</span> <span class='ocrx_word' id='word_1_96' title='bbox 1174 1415 1246 1452; x_wconf 87' lang='lat' dir='ltr'>His</span> <span class='ocrx_word' id='word_1_97' title='bbox 1275 1428 1400 1451; x_wconf 88' lang='lat' dir='ltr'>consu-</span> 
     </span>
     <span class='ocr_line' id='line_1_14' title="bbox 131 1477 1451 1528; baseline -0.001 -12"><span class='ocrx_word' id='word_1_98' title='bbox 131 1479 293 1517; x_wconf 84' lang='lat' dir='ltr'>lentibus</span> <span class='ocrx_word' id='word_1_99' title='bbox 314 1479 541 1516; x_wconf 81' lang='lat' dir='ltr'>nominatim</span> <span class='ocrx_word' id='word_1_100' title='bbox 563 1479 705 1528; x_wconf 78' lang='lat' dir='ltr'>Pythia</span> <span class='ocrx_word' id='word_1_101' title='bbox 723 1479 910 1528; x_wconf 83' lang='lat' dir='ltr'>praecepit,</span> <span class='ocrx_word' id='word_1_102' title='bbox 932 1485 976 1516; x_wconf 88' lang='lat' dir='ltr'>ut</span> <span class='ocrx_word' id='word_1_103' title='bbox 1000 1477 1218 1516; x_wconf 79' lang='lat' dir='ltr'>Miltiadem</span> <span class='ocrx_word' id='word_1_104' title='bbox 1243 1479 1312 1516; x_wconf 86' lang='lat' dir='ltr'>sibi</span> <span class='ocrx_word' id='word_1_105' title='bbox 1334 1479 1401 1516; x_wconf 88' lang='lat' dir='ltr'>im·</span> <span class='ocrx_word' id='word_1_106' title='bbox 1448 1499 1451 1502; x_wconf 95' lang='lat'>·</span> 
     </span>
     <span class='ocr_line' id='line_1_15' title="bbox 131 1542 1399 1593; baseline 0 -13"><span class='ocrx_word' id='word_1_107' title='bbox 131 1549 341 1593; x_wconf 85' lang='lat' dir='ltr'>peratorem</span> <span class='ocrx_word' id='word_1_108' title='bbox 360 1549 551 1580; x_wconf 80' lang='lat' dir='ltr'>sumerent</span> <span class='ocrx_word' id='word_1_109' title='bbox 568 1557 575 1580; x_wconf 87' lang='lat'>:</span> <span class='ocrx_word' id='word_1_110' title='bbox 599 1542 638 1580; x_wconf 84' lang='lat' dir='ltr'>id</span> <span class='ocrx_word' id='word_1_111' title='bbox 656 1543 686 1580; x_wconf 89' lang='lat' dir='ltr'>si</span> <span class='ocrx_word' id='word_1_112' title='bbox 702 1543 884 1587; x_wconf 76' lang='lat' dir='ltr'>fecissent,</span> <span class='ocrx_word' id='word_1_113' title='bbox 903 1544 1054 1593; x_wconf 82' lang='lat' dir='ltr'>incepta</span> <span class='ocrx_word' id='word_1_114' title='bbox 1068 1558 1244 1593; x_wconf 79' lang='lat' dir='ltr'>prospera</span> <span class='ocrx_word' id='word_1_115' title='bbox 1259 1544 1399 1581; x_wconf 80' lang='lat' dir='ltr'>futura.</span> 
     </span>
     <span class='ocr_line' id='line_1_16' title="bbox 132 1606 1401 1655; baseline 0.001 -12"><span class='ocrx_word' id='word_1_116' title='bbox 132 1611 168 1644; x_wconf 86' lang='lat'>4.</span> <span class='ocrx_word' id='word_1_117' title='bbox 198 1607 282 1644; x_wconf 86' lang='lat' dir='ltr'>Hoc</span> <span class='ocrx_word' id='word_1_118' title='bbox 305 1607 446 1644; x_wconf 81' lang='lat' dir='ltr'>oraculi</span> <span class='ocrx_word' id='word_1_119' title='bbox 468 1619 638 1655; x_wconf 86' lang='lat' dir='ltr'>responso</span> <span class='ocrx_word' id='word_1_120' title='bbox 659 1606 856 1644; x_wconf 82' lang='lat' dir='ltr'>Miltiades</span> <span class='ocrx_word' id='word_1_121' title='bbox 876 1621 963 1644; x_wconf 85' lang='lat' dir='ltr'>cum</span> <span class='ocrx_word' id='word_1_122' title='bbox 983 1606 1129 1644; x_wconf 81' lang='lat' dir='ltr'>delecta</span> <span class='ocrx_word' id='word_1_123' title='bbox 1147 1621 1265 1644; x_wconf 83' lang='lat' dir='ltr'>manu</span> <span class='ocrx_word' id='word_1_124' title='bbox 1286 1609 1401 1644; x_wconf 82' lang='lat' dir='ltr'>classe</span> 
     </span>
     <span class='ocr_line' id='line_1_17' title="bbox 134 1670 1402 1719; baseline -0.001 -11"><span class='ocrx_word' id='word_1_125' title='bbox 134 1671 408 1708; x_wconf 85' lang='lat' dir='ltr'>Chersonesum</span> <span class='ocrx_word' id='word_1_126' title='bbox 423 1670 610 1719; x_wconf 82' lang='lat' dir='ltr'>profectus</span> <span class='ocrx_word' id='word_1_127' title='bbox 626 1683 744 1718; x_wconf 89' lang='lat' dir='ltr'>quum</span> <span class='ocrx_word' id='word_1_128' title='bbox 761 1670 972 1707; x_wconf 73' lang='lat' dir='ltr'>accessisset</span> <span class='ocrx_word' id='word_1_129' title='bbox 987 1670 1193 1713; x_wconf 86' lang='lat' dir='ltr'>Lemnum,</span> <span class='ocrx_word' id='word_1_130' title='bbox 1211 1677 1248 1707; x_wconf 89' lang='lat' dir='ltr'>et</span> <span class='ocrx_word' id='word_1_131' title='bbox 1264 1670 1402 1707; x_wconf 80' lang='lat' dir='ltr'>incolas</span> 
     </span>
     <span class='ocr_line' id='line_1_18' title="bbox 132 1732 1399 1783; baseline -0.002 -11"><span class='ocrx_word' id='word_1_132' title='bbox 132 1736 212 1783; x_wconf 86' lang='lat' dir='ltr'>ejus</span> <span class='ocrx_word' id='word_1_133' title='bbox 243 1734 374 1771; x_wconf 81' lang='lat' dir='ltr'>insulae</span> <span class='ocrx_word' id='word_1_134' title='bbox 405 1735 474 1770; x_wconf 90' lang='lat' dir='ltr'>sub</span> <span class='ocrx_word' id='word_1_135' title='bbox 501 1740 729 1783; x_wconf 83' lang='lat' dir='ltr'>potestatem</span> <span class='ocrx_word' id='word_1_136' title='bbox 756 1732 926 1783; x_wconf 82' lang='lat' dir='ltr'>redigere</span> <span class='ocrx_word' id='word_1_137' title='bbox 954 1734 1068 1770; x_wconf 79' lang='lat' dir='ltr'>vellet</span> <span class='ocrx_word' id='word_1_138' title='bbox 1097 1734 1399 1777; x_wconf 79' lang='lat' dir='ltr'>Atheniensium,</span> 
     </span>
     <span class='ocr_line' id='line_1_19' title="bbox 131 1797 1401 1848; baseline -0.002 -12"><span class='ocrx_word' id='word_1_139' title='bbox 131 1797 242 1848; x_wconf 87' lang='lat' dir='ltr'>idque</span> <span class='ocrx_word' id='word_1_140' title='bbox 260 1797 414 1835; x_wconf 89' lang='lat' dir='ltr'>Lemnii</span> <span class='ocrx_word' id='word_1_141' title='bbox 433 1811 502 1834; x_wconf 82' lang='lat' dir='ltr'>sua</span> <span class='ocrx_word' id='word_1_142' title='bbox 521 1803 650 1846; x_wconf 88' lang='lat' dir='ltr'>sponte</span> <span class='ocrx_word' id='word_1_143' title='bbox 670 1797 846 1840; x_wconf 71' lang='lat' dir='ltr'>facerent,</span> <span class='ocrx_word' id='word_1_144' title='bbox 867 1798 1092 1846; x_wconf 78' lang='lat' dir='ltr'>postulasset</span> <span class='ocrx_word' id='word_1_145' title='bbox 1108 1810 1115 1834; x_wconf 89' lang='lat'>:</span> <span class='ocrx_word' id='word_1_146' title='bbox 1174 1799 1208 1833; x_wconf 84' lang='lat'>5.</span> <span class='ocrx_word' id='word_1_147' title='bbox 1240 1798 1303 1834; x_wconf 90' lang='lat' dir='ltr'>Illi</span> <span class='ocrx_word' id='word_1_148' title='bbox 1323 1798 1401 1834; x_wconf 86' lang='lat' dir='ltr'>irri-</span> 
     </span>
     <span class='ocr_line' id='line_1_20' title="bbox 132 1858 1402 1914; baseline -0.002 -15"><span class='ocrx_word' id='word_1_149' title='bbox 132 1861 261 1899; x_wconf 82' lang='lat' dir='ltr'>dentes</span> <span class='ocrx_word' id='word_1_150' title='bbox 288 1859 568 1910; x_wconf 85' lang='lat' dir='ltr'>responderunt,</span> <span class='ocrx_word' id='word_1_151' title='bbox 598 1866 684 1897; x_wconf 90' lang='lat' dir='ltr'>tum</span> <span class='ocrx_word' id='word_1_152' title='bbox 711 1858 750 1896; x_wconf 85' lang='lat' dir='ltr'>id</span> <span class='ocrx_word' id='word_1_153' title='bbox 778 1873 815 1897; x_wconf 86' lang='lat' dir='ltr'>se</span> <span class='ocrx_word' id='word_1_154' title='bbox 843 1860 1017 1904; x_wconf 81' lang='lat' dir='ltr'>facturos,</span> <span class='ocrx_word' id='word_1_155' title='bbox 1043 1873 1161 1914; x_wconf 83' lang='lat' dir='ltr'>quum</span> <span class='ocrx_word' id='word_1_156' title='bbox 1188 1860 1261 1904; x_wconf 83' lang='lat' dir='ltr'>ille,</span> <span class='ocrx_word' id='word_1_157' title='bbox 1293 1859 1402 1897; x_wconf 85' lang='lat' dir='ltr'>domo</span> 
     </span>
     <span class='ocr_line' id='line_1_21' title="bbox 132 1924 1402 1974; baseline -0.001 -11"><span class='ocrx_word' id='word_1_158' title='bbox 132 1924 292 1964; x_wconf 86' lang='lat' dir='ltr'>navibus</span> <span class='ocrx_word' id='word_1_159' title='bbox 310 1924 674 1974; x_wconf 79' lang='lat' dir='ltr'>proficiscens‚vento</span> <span class='ocrx_word' id='word_1_160' title='bbox 694 1924 865 1973; x_wconf 83' lang='lat' dir='ltr'>aquilone</span> <span class='ocrx_word' id='word_1_161' title='bbox 893 1924 1055 1961; x_wconf 86' lang='lat' dir='ltr'>venisset</span> <span class='ocrx_word' id='word_1_162' title='bbox 1071 1925 1277 1961; x_wconf 85' lang='lat' dir='ltr'>Lemnum.</span> <span class='ocrx_word' id='word_1_163' title='bbox 1326 1924 1402 1962; x_wconf 84' lang='lat' dir='ltr'>Hie</span> 
     </span>
     <span class='ocr_line' id='line_1_22' title="bbox 132 1987 1401 2037; baseline -0.002 -10"><span class='ocrx_word' id='word_1_164' title='bbox 132 1989 234 2027; x_wconf 86' lang='lat' dir='ltr'>enim</span> <span class='ocrx_word' id='word_1_165' title='bbox 270 1994 417 2032; x_wconf 87' lang='lat' dir='ltr'>ventus,</span> <span class='ocrx_word' id='word_1_166' title='bbox 454 1988 502 2026; x_wconf 86' lang='lat' dir='ltr'>ab</span> <span class='ocrx_word' id='word_1_167' title='bbox 539 1988 851 2037; x_wconf 80' lang='lat' dir='ltr'>septentrionibus</span> <span class='ocrx_word' id='word_1_168' title='bbox 888 1988 1017 2032; x_wconf 89' lang='lat' dir='ltr'>oriens,</span> <span class='ocrx_word' id='word_1_169' title='bbox 1058 1987 1260 2025; x_wconf 81' lang='lat' dir='ltr'>adversum</span> <span class='ocrx_word' id='word_1_170' title='bbox 1297 1994 1401 2026; x_wconf 85' lang='lat' dir='ltr'>tenet</span> 
     </span>
     <span class='ocr_line' id='line_1_23' title="bbox 134 2050 1400 2102; baseline -0.001 -12"><span class='ocrx_word' id='word_1_171' title='bbox 134 2052 296 2090; x_wconf 83' lang='lat' dir='ltr'>Athenis</span> <span class='ocrx_word' id='word_1_172' title='bbox 313 2051 641 2101; x_wconf 83' lang='lat' dir='ltr'>proficiscentibus.</span> <span class='ocrx_word' id='word_1_173' title='bbox 691 2053 726 2088; x_wconf 86' lang='grc'>6.</span> <span class='ocrx_word' id='word_1_174' title='bbox 749 2050 954 2096; x_wconf 82' lang='lat' dir='ltr'>Miltiades,</span> <span class='ocrx_word' id='word_1_175' title='bbox 971 2051 1143 2089; x_wconf 79' lang='lat' dir='ltr'>morandi</span> <span class='ocrx_word' id='word_1_176' title='bbox 1158 2058 1309 2102; x_wconf 85' lang='lat' dir='ltr'>tempus</span> <span class='ocrx_word' id='word_1_177' title='bbox 1327 2066 1400 2089; x_wconf 90' lang='lat' dir='ltr'>non</span> 
     </span>
    </p>
   </div>
   <div class='ocr_carea' id='block_1_4' title="bbox 133 2113 1400 2218">
    <p class='ocr_par' dir='ltr' id='par_1_4' title="bbox 133 2113 1400 2218">
     <span class='ocr_line' id='line_1_24' title="bbox 133 2113 1400 2166; baseline -0.001 -12"><span class='ocrx_word' id='word_1_178' title='bbox 133 2115 287 2160; x_wconf 85' lang='lat' dir='ltr'>habens,</span> <span class='ocrx_word' id='word_1_179' title='bbox 315 2129 466 2153; x_wconf 87' lang='lat' dir='ltr'>cursum</span> <span class='ocrx_word' id='word_1_180' title='bbox 494 2114 641 2160; x_wconf 86' lang='lat' dir='ltr'>direxit,</span> <span class='ocrx_word' id='word_1_181' title='bbox 666 2129 737 2165; x_wconf 88' lang='lat' dir='ltr'>quo</span> <span class='ocrx_word' id='word_1_182' title='bbox 765 2113 955 2160; x_wconf 81' lang='lat' dir='ltr'>tendebat,</span> <span class='ocrx_word' id='word_1_183' title='bbox 979 2115 1221 2166; x_wconf 82' lang='lat' dir='ltr'>pervenitque</span> <span class='ocrx_word' id='word_1_184' title='bbox 1246 2116 1400 2153; x_wconf 86' lang='lat' dir='ltr'>Cherso-</span> 
     </span>
     <span class='ocr_line' id='line_1_25' title="bbox 135 2192 278 2218; baseline -0.014 0"><span class='ocrx_word' id='word_1_185' title='bbox 135 2192 278 2218; x_wconf 84' lang='lat' dir='ltr'>nesum.</span> 
     </span>
    </p>
   </div>
  </div>
 </body>
</html>
