1575 2771
157 237 210 275 58
575 246 773 274 coRNnLn
804 245 995 273 NEPO'mS.
1309 230 1367 284 [2,
1385 237 1424 272 3.

155 337 195 375 in
212 337 287 375 foro
306 342 520 387 posuerunt.
578 335 654 380 Qui
672 336 789 372 honos
807 334 897 372 huic
915 334 981 371 uni
1005 339 1093 371 ante
1115 332 1154 371 id
1172 340 1322 384 tempus
1345 348 1423 372 con·

155 402 252 451 tigit,
274 408 327 445 ut,
349 415 466 451 quum
485 400 584 450 patri
603 400 762 449 populus
784 405 954 435 statuam
975 398 1165 448 posuisset,
1185 398 1262 435 filio
1284 412 1426 449 quoque

155 464 272 503 daret.
332 466 394 502 Sic
408 465 523 514 juxta
541 463 663 513 posita
681 476 807 500 recens
827 462 894 499 filii
910 469 1077 499 veterem
1095 462 1214 511 patris
1232 463 1423 500 renovavit

154 529 388 567 memoriam.

602 710 845 747 CAPUT
883 710 984 747 III.

213 789 246 822 1.
277 785 353 821 Hic
382 797 501 833 quum
531 790 626 820 esset
655 797 794 832 magno
823 791 929 827 natu,
960 789 998 821 et
1028 783 1274 833 magistratus
1304 798 1427 833 gerere

156 849 320 891 desisset,
340 847 437 885 bello
457 847 707 884 Athenienses
729 848 894 897 undique
916 848 1035 897 premi
1058 855 1145 884 sunt
1167 849 1298 898 coepti.
1355 849 1415 885 De

156 913 296 950 fecerat
317 913 455 950 Samus
470 925 478 956 3
509 910 690 949 descierat
709 912 978 961 Hellespontus
993 924 1001 956 ;
1032 911 1230 960 Philippus
1244 912 1328 960 jam
1347 918 1428 949 tum

156 978 287 1014 valens
300 977 461 1014 Macedo
474 977 598 1013 multa
612 975 837 1013 moliebatur
850 989 857 1012 :
882 976 943 1012 cui
955 975 1143 1024 oppositus
1157 975 1300 1012 Chares
1312 989 1430 1025 quum

157 1048 261 1084 esset,
278 1055 352 1077 non
371 1041 463 1078 satis
477 1041 517 1077 in
536 1054 578 1077 eo
593 1040 752 1090 praesidii
767 1038 985 1089 putabatur.
1044 1042 1078 1075 2.
1105 1039 1171 1076 Fit
1186 1039 1432 1077 Menestheus

157 1112 301 1154 praetor,
330 1105 430 1141 filius
458 1104 670 1154 Iphicratis,
695 1117 808 1152 gener
836 1103 1041 1146 Timothei,
1066 1109 1115 1146 et,
1139 1110 1184 1140 ut
1212 1101 1260 1140 ad
1287 1102 1431 1140 bellum

157 1168 424 1218 proficiscatur,
442 1167 664 1205 decernitur.
721 1167 825 1204 Huic
843 1167 883 1203 in
902 1167 1099 1203 consilium
1114 1167 1252 1203 dantur
1268 1165 1342 1203 duo
1360 1180 1431 1204 usu

158 1232 416 1281 sapientiaque
444 1238 673 1281 praestantes,
694 1244 854 1280 quorum
881 1230 1031 1267 oonsilio
1058 1236 1237 1274 uteretur,
1261 1236 1369 1280 pater
1395 1237 1434 1268 et

158 1309 260 1333 socer
276 1308 283 1332 z
308 1294 406 1345 quod
421 1295 460 1332 in
475 1295 535 1332 his
550 1301 661 1332 tanta
676 1301 757 1331 erat
773 1294 988 1337 auotoritaS,
1006 1299 1051 1330 ut
1065 1307 1208 1342 magna
1226 1307 1307 1343 spes
1326 1300 1431 1338 esset,

158 1374 224 1409 per
246 1373 306 1396 eos
329 1359 467 1396 amissa
488 1373 592 1409 posse
615 1358 837 1407 recuperari.
896 1360 931 1394 3.
962 1357 1017 1394 Hi
1037 1371 1154 1406 quum
1175 1358 1336 1394 Samum
1354 1371 1434 1407 pro-

159 1423 249 1460 fecti
271 1429 393 1459 essent
416 1429 454 1459 et
477 1421 607 1459 eodem
629 1422 783 1465 Chares,
807 1420 974 1458 adventu
993 1421 1142 1457 illorum
1165 1421 1322 1469 cognito,
1345 1435 1433 1458 eum

160 1487 236 1524 suis
258 1487 372 1536 copiis
393 1486 696 1536 proficisceretur,
717 1499 763 1522 ne
783 1484 873 1534 qnid
893 1484 1046 1522 absente
1066 1498 1104 1522 se
1122 1492 1274 1533 gestum
1294 1484 1433 1523 videre-

159 1557 245 1588 tur:
276 1550 423 1593 accidit,
444 1563 562 1599 quum
591 1550 639 1586 ad
661 1549 825 1586 insulam
854 1549 1204 1598 appropinquarent,
1225 1556 1269 1586 ut
1290 1562 1433 1598 magna

159 1621 364 1664 tempestas
391 1614 548 1650 oriretur
563 1626 570 1657 ;
607 1626 723 1662 quam
751 1613 892 1649 evitare
921 1613 992 1649 duo
1020 1619 1166 1649 veteres
1192 1613 1434 1662 imperatores

159 1678 252 1714 utile
281 1676 455 1714 arbitrati
477 1690 588 1713 suam
608 1677 765 1713 classem
793 1682 1085 1725 suppresserunt.
1143 1679 1179 1712 4.
1209 1678 1265 1713 At
1287 1677 1361 1721 ille,
1382 1683 1434 1714 te-

159 1741 322 1779 meraria
336 1754 425 1778 usus
440 1740 594 1783 ratione,
611 1753 686 1776 11011
701 1739 809 1776 cessit
824 1740 1011 1788 majorum
1026 1746 1121 1776 natu
1137 1740 1365 1784 auctoritati,
1382 1747 1431 1785 et,

159 1812 204 1843 ut
226 1806 257 1843 si
284 1806 324 1842 in
351 1818 421 1842 sua
447 1804 538 1841 navi
566 1811 661 1841 esset
684 1790 943 1853 fortunasquo
971 1801 1225 1847 contenderat,
1249 1805 1431 1853 pervenit,

159 1868 362 1918 eodemque
378 1875 422 1905 ut
441 1875 693 1917 sequerentur,
712 1866 760 1904 ad
773 1867 1020 1904 Timotheum
1035 1874 1074 1904 et
1088 1867 1322 1916 Iphicratem
1340 1882 1432 1906 nun-

160 1933 259 1970 tium
277 1932 390 1969 misit.
447 1932 561 1974 Hinc,
582 1931 682 1968 male
701 1944 740 1967 re
759 1937 876 1979 gesta,
893 1931 1145 1980 compluribus
1165 1932 1309 1969 amissis
1327 1933 1432 1970 navi-

159 1995 239 2039 bus,
253 1993 393 2037 eodem,
409 1995 505 2031 unde
521 2001 602 2031 erat
616 1994 811 2043 profectus,
827 2007 864 2031 se
879 1994 1017 2043 recepit
1031 1994 1246 2044 litterasque
1259 1996 1432 2034 Athenas

160 2058 310 2109 publice
331 2058 444 2101 misit,
466 2057 536 2095 sibi
558 2058 720 2108 proclive
742 2057 863 2101 fuisse,
887 2058 1047 2095 Samum
1070 2072 1213 2107 capere,
1235 2059 1306 2096 nisi
1325 2073 1348 2097 a
1367 2060 1430 2098 Ti-

161 2123 310 2160 motheo
334 2129 372 2159 et
392 2122 583 2171 Iphicrate
603 2123 769 2159 desertus
788 2128 894 2159 esset.
954 2124 989 2158 5.
1020 2121 1081 2159 Ob
1100 2135 1186 2158 eam
1209 2136 1288 2159 rem
1308 2123 1348 2160 in
1366 2123 1431 2160 cri-

161 2201 251 2225 men
269 2185 512 2224 vocabantur.
570 2186 738 2235 Populus
758 2199 852 2229 acer,
874 2185 1059 2235 suspicax,
1080 2185 1239 2229 mobilis,
1261 2185 1431 2224 adversa-

161 2251 248 2294 rius,
272 2248 421 2287 invidus
448 2250 566 2286 etiam
593 2249 780 2299 potentiae,
805 2247 960 2286 domum
988 2255 1167 2294 revocat;
1209 2256 1433 2288 accusantur

162 2313 388 2365 proditionis.
454 2313 539 2350 Hoc
562 2313 703 2361 judicio
730 2311 935 2350 damnatur
958 2313 1182 2350 Timotheus
1208 2313 1324 2363 lisque
1351 2314 1432 2362 ejus

163 2378 376 2415 aestimatur
389 2384 542 2414 centum
558 2377 722 2414 talentis.
780 2376 862 2421 Ille,
879 2374 961 2413 odio
977 2376 1136 2426 ingratae
1151 2376 1317 2415 civitatis
1330 2389 1433 2416 coac-

165 2448 236 2486 tus,
254 2441 478 2479 Chalcidem
497 2454 534 2478 se
553 2440 724 2478 contuh't.
