1575 2771
134 215 184 251 10
547 223 742 250 CORNELn
776 224 964 250 NEPOTffi.
1270 210 1393 265 [2,3.

129 326 207 351 mos
233 312 322 350 belli
349 313 496 349 navalis
524 312 611 349 fecit
639 312 898 349 Athenienses.
956 315 992 349 4.
1023 311 1070 349 Id
1097 320 1247 362 quanta}
1281 315 1394 352 saluti

128 377 239 415 fuerit
266 378 447 414 universae
478 377 644 420 Graecioe,
669 376 765 413 bello
794 377 986 424 cognitum
1014 384 1069 414 est
1097 378 1255 421 Persico,
1277 392 1394 427 quum

127 442 273 479 Xerxes
300 448 337 478 ct
357 442 462 478 ·mari
491 448 528 478 et
557 447 658 477 terra
680 440 823 477 bellum
850 440 1030 477 universae
1053 441 1204 477 inferret
1232 443 1394 491 Europae

128 519 214 542 cum
233 505 350 542 tantis
370 505 492 554 copiis,
514 511 676 553 quantas
694 517 814 552 neque
834 510 958 547 antea,
975 518 1093 552 neque
1112 511 1242 553 postea
1260 505 1394 543 habuit

125 569 333 618 quisquam.
392 571 426 605 5.
452 569 579 616 Hujus
602 568 702 604 enim
725 568 851 604 classis
876 568 979 604 mille
1003 574 1040 604 ct
1060 567 1309 605 ducentarum
1327 583 1391 606 na-

125 633 230 669 vium
246 628 445 680 longarum
461 632 542 674 fuit,
562 645 676 680 quam
692 629 763 667 duo
783 631 903 667 millia
918 632 1174 668 onerariarum
1193 631 1392 681 sequeban-

125 702 211 741 tur;
241 702 433 732 terrestres
457 701 584 731 autem
607 695 792 731 exereitus
812 695 1132 743 septingentorum
1150 696 1315 732 millium
1333 710 1393 745 pe-

124 757 257 801 ditum,
272 758 444 806 equitum
460 756 819 806 quadringentorum
834 758 997 794 millium
1013 758 1174 795 fuerunt.
1221 761 1257 796 (3.
1275 759 1394 808 Cujus

124 819 169 857 de
190 819 357 857 adventu
377 833 494 868 quum
510 820 614 856 fama
633 820 672 856 in
688 821 878 857 Graeciam
893 828 988 857 esset
1002 822 1149 870 perlata
1169 829 1206 859 et
1226 823 1393 860 maxime

124 884 373 920 Athenienses
391 883 469 932 peti
489 882 703 920 dicerentur
721 890 871 932 propter
889 897 1058 933 pugnam
1078 886 1367 923 Marathoniam
1383 899 1390 924 :

123 948 305 984 miserunt
339 947 506 996 Delphos
536 948 760 990 consultum,
794 946 974 996 quidnam
1007 947 1173 985 facerent
1206 947 1251 986 de
1284 948 1394 986 rebus

124 1011 208 1047 suis.
267 1009 576 1047 Deliberantibus
598 1010 739 1059 Pythia
761 1009 958 1059 respondit,
984 1017 1027 1047 ut
1055 1011 1239 1048 rnoenibus
1261 1013 1393 1060 ligneis

123 1088 160 1111 se
179 1074 382 1110 munirent.
441 1075 475 1110 7.
507 1072 553 1110 Id
573 1087 789 1122 responsum
808 1087 880 1122 quo
899 1075 1053 1118 valeret,
1075 1088 1193 1123 quum
1212 1075 1391 1124 intellige-

123 1143 180 1174 ret
207 1151 328 1180 nemo,
355 1137 628 1173 Themistocles
655 1137 851 1186 persuasit,
877 1137 1071 1174 consilium
1093 1152 1171 1174 esse
1194 1139 1391 1187 Apollinis,

121 1208 165 1239 ut
184 1202 223 1238 in
241 1215 358 1238 naves
377 1215 414 1238 se
435 1215 573 1250 suaque
589 1201 798 1238 conferrent
815 1214 821 1238 :
847 1215 934 1238 eum
950 1202 1051 1238 enim
1071 1215 1094 1238 a
1109 1200 1175 1238 deo
1191 1202 1391 1250 significari

121 1279 276 1302 murum
295 1265 474 1313 ligneum.
533 1267 567 1301 8.
594 1265 682 1301 Tali
702 1265 851 1301 consilio
870 1264 1037 1314 probato,
1059 1264 1201 1302 addunt
1222 1264 1269 1302 ad
1288 1279 1391 1315 supe-

121 1329 234 1365 riores
252 1327 410 1365 totidem
429 1341 545 1365 naves
565 1328 895 1376 triremes,suaque
910 1328 1046 1372 omnia,
1068 1342 1150 1377 quae
1170 1329 1310 1366 moveri
1330 1343 1391 1378 po-

121 1399 258 1436 terant,
279 1392 420 1442 partim
438 1392 644 1435 Salamina,
662 1392 801 1441 partim
818 1392 1002 1429 Troezena
1021 1398 1215 1441 asportant
1231 1405 1239 1437 3
1266 1405 1391 1430 arcem

121 1453 372 1491 sacerdotibus
394 1453 597 1503 paucisque
620 1452 824 1501 majoribus
846 1459 951 1497 nam,
969 1454 1017 1491 ad
1034 1467 1140 1490 sacra
1158 1452 1404 1503 procuranda,

121 1516 289 1561 tradunt,
310 1517 497 1565 reliquum
516 1515 695 1565 oppidum
713 1517 940 1565 relinquunt.

564 1711 807 1749 CAPUT
846 1711 947 1748 III.

177 1791 209 1824 1.
240 1787 369 1824 Hnms
392 1786 588 1823 consilium
609 1786 791 1835 plerisque
815 1784 1032 1822 civitatibus
1055 1783 1275 1833 displicebat
1294 1791 1332 1822 et
1353 1784 1391 1822 in

121 1857 221 1887 terra
248 1849 419 1886 dimicari
446 1849 568 1896 magis
601 1848 786 1898 placebat.
845 1848 980 1896 Itaque
1007 1847 1109 1884 missi
1138 1854 1225 1885 sunt
1254 1847 1387 1885 delecti

121 1927 209 1950 cum
231 1911 413 1955 Leonida,
435 1910 808 1948 Lacedaemoniorum
830 1925 926 1959 rege,
949 1911 1011 1960 qni
1035 1912 1308 1961 Thermopylas
1331 1926 1388 1948 oc-

121 1982 311 2025 cuparent,
333 1976 550 2024 longiusque
568 1974 746 2012 barbaros
766 1974 934 2025 progredi
954 1989 1028 2012 non
1047 1982 1277 2025 paterentur.
1334 1977 1387 2013 Hi

120 2041 199 2077 vim
217 2040 382 2076 hostium
402 2053 476 2076 non
495 2039 762 2082 sustinuerunt,
780 2053 893 2088 eoque
913 2040 991 2076 loco
1011 2053 1139 2076 omncs
1153 2039 1385 2077 interierunt.

120 2107 154 2140 2.
178 2105 233 2140 At
249 2103 375 2140 classis
395 2103 605 2139 communis
621 2103 777 2139 Groeciae
798 2109 1054 2140 trecentarum
1073 2103 1241 2146 navium,
1258 2103 1297 2140 in
1312 2117 1387 2152 qua

119 2166 288 2204 ducentae
322 2173 430 2203 erant
463 2166 764 2209 Atheniensium,
797 2166 961 2215 primum
996 2165 1095 2215 apud
1124 2166 1384 2210 Artemisium,

120 2231 216 2267 inter
236 2229 423 2267 Euboeam
447 2230 773 2278 continentemque
793 2236 944 2272 terrani,
966 2243 1053 2266 eum
1074 2229 1272 2266 classiariis
1291 2229 1387 2277 regis

119 2293 297 2331 conflixit.
355 2293 564 2341 Angustias
586 2293 686 2330 enirn
707 2293 979 2329 Themistocles
1003 2294 1201 2341 qumrcbat,
1223 2307 1270 2330 ne
1292 2293 1386 2330 mul-

119 2356 280 2394 titudine
300 2357 570 2394 circumiretur.
629 2359 663 2393 3.
695 2357 770 2394 Hie
793 2357 861 2393 etsi
881 2357 961 2405 pari
981 2357 1107 2405 proelio
1130 2355 1383 2398 discesserant,

120 2426 248 2457 tamen
271 2419 400 2457 eodem
420 2421 498 2457 loco
521 2433 596 2456 non
615 2426 702 2457 sunt
723 2420 803 2457 ausi
823 2433 974 2457 manere
991 2433 997 2456 :
1028 2418 1124 2468 quod
1143 2426 1225 2456 erat
1244 2419 1384 2468 perieu-

121 2483 209 2527 lum,
229 2497 286 2527 ne,
309 2484 335 2521 si
357 2497 443 2533 pars
461 2484 619 2521 navium
639 2482 938 2521 adversariorum
959 2483 1145 2520 Euboeam
1165 2489 1382 2531 superasset.
