1575 2771
130 227 182 264 16
555 234 751 262 comumn
782 233 970 260 marens.
1301 215 1344 271 [1
1351 223 1389 258 υ.

126 324 229 363 beret
249 324 314 376 (ex
340 339 415 374 qua
441 324 589 373 regione
611 322 885 372 quinquaginta
910 322 1057 358 talenta
1078 320 1278 370 quotannis
1299 317 1390 357 redj-

125 388 261 440 bant);
290 390 552 438 Lampsacum
581 394 722 431 autem,
747 385 845 423 unde
873 386 1006 422 vinum
1033 391 1222 430 sumeret;
1253 384 1391 434 Myun-

127 460 215 497 tem,
240 467 287 490 ex
308 466 382 502 qua
404 453 598 502 opsom'um
619 452 786 488 haberet.
843 450 971 498 Hujus
995 447 1043 486 ad
1064 455 1232 486 nostram
1254 461 1392 485 memo-

126 517 224 554 riam
254 523 502 554 monumenta
530 521 752 553 manserunt
780 513 876 551 duo:
911 514 1123 563 sepulcrum
1149 526 1262 562 prope
1294 512 1393 562 oppi-

127 579 229 625 dum,
248 581 289 618 in
307 594 378 630 quo
398 587 453 617 est
472 580 640 629 sepultus
655 592 663 624 ;
691 585 826 616 statuae
845 578 885 615 in
903 577 978 614 soro
998 577 1218 626 Magnesiae.
1274 580 1310 613 4.
1332 577 1393 614 De

127 645 234 693 cujus
260 651 381 681 morte
408 642 642 681 multimodis
670 641 771 692 apud
797 644 989 693 plerosque
1017 642 1199 691 seriptum
1221 647 1301 678 est:
1331 639 1394 678 sed

127 722 193 745 nos
211 707 386 745 eumdem
413 708 648 757 potissimum
671 705 933 756 Thucydidem
961 712 1155 743 auctorem
1181 706 1392 755 probamus,

128 772 192 820 qm'
206 771 315 808 illum
335 771 389 808 ait
405 771 613 819 Magnesiae
632 769 760 807 morbo
779 777 985 814 mortuum,
1001 784 1121 819 neque
1140 776 1265 818 negat,
1282 769 1394 806 fuisse

128 834 283 878 famam,
303 848 492 871 venenum
511 847 580 871 sua
598 840 728 883 sponte
747 834 930 877 sumsisse,
951 847 1069 882 quum
1087 847 1135 877 se,
1153 847 1233 883 quae
1251 833 1331 881 regi
1349 831 1394 870 de

129 898 280 935 Graecia
301 896 545 947 opprimenda
566 897 754 947 polhcitus
776 904 882 940 esset,
903 904 1081 947 praestare
1102 910 1206 946 posse
1228 895 1395 946 despera-

129 969 197 999 ret.
254 965 290 999 5.
320 961 430 1000 Idem
457 976 538 999 oaea
565 963 645 1010 ejus
672 962 773 999 clam
794 962 834 999 in
855 961 991 999 Attica
1013 961 1061 998 ab
1084 961 1214 998 amicis
1236 961 1394 1010 sepulta,

129 1025 307 1075 quoniam
338 1025 486 1075 legibus
517 1039 593 1063 uon
623 1024 895 1069 concederetur,
924 1023 1022 1075 quod
1053 1023 1268 1074 prodjtionis
1300 1029 1397 1062 esset

129 1088 344 1134 damnatus,
365 1090 553 1127 mcmoriae
572 1088 744 1139 prodidit.
