1575 2771
124 215 162 258 2,
184 212 243 266 3.]
602 225 654 250 vt.
691 224 919 250 m'sANDssR.
1336 214 1386 251 27

121 312 167 350 dc
186 313 315 350 eodeni
331 314 440 363 plura
455 312 708 350 enumerando
728 312 976 361 defatigemus
991 312 1156 348 lectores.
1208 313 1242 347 2.
1260 312 1390 349 Victor

121 391 167 414 ex
182 377 276 414 Asia
295 391 412 427 quum
431 383 691 421 reverteretur,
710 377 957 425 Thasumque
980 374 1210 418 devertisset,
1228 374 1326 424 quod
1345 390 1389 413 ea

121 441 254 478 civitas
275 442 464 491 praecipua
486 440 558 478 fide
581 441 705 478 suerat
727 454 816 488 erga
838 439 1098 483 Athenienses,
1119 437 1272 488 proinde
1296 452 1339 475 ac
1360 439 1389 475 si

119 503 233 542 iidem
255 505 458 542 firmissimi
480 506 638 542 solerent
662 518 739 542 esse
762 504 885 547 amici,
911 504 975 553 qui
998 509 1212 540 constantes
1233 494 1389 540 fuissent

119 568 271 612 inimici,
293 582 379 606 eam
396 575 608 618 pervertere
628 568 852 617 concupivit.
910 570 946 604 3.
971 566 1078 604 Vidit
1099 573 1237 610 autem,
1259 566 1330 603 nisi
1348 566 1388 604 in

118 645 161 669 eo
183 633 406 670 occultasset
424 633 673 676 voluntatem,
695 632 879 675 futurum,
901 637 945 669 ut
965 631 1099 668 Thasii
1120 630 1386 675 dilaberentur,

119 697 424 745 consulerentque
443 695 554 733 rebus
573 696 659 733 suis.
717 696 854 745 Itaque
876 724 1007 732 .....

563 891 804 928 CAPUT
843 891 943 928 III.

175 967 207 1001 1.
233 963 551 1001 DsscnmvaLEM
580 978 686 1000 suam
711 970 939 1012 potestatem
968 963 1024 999 sui
1048 962 1095 999 ab
1117 963 1180 999 illo
1209 964 1372 1000 'constitu

118 1034 200 1064 tam
227 1022 469 1064 sustfilerunt.
527 1027 611 1072 Quo
640 1025 762 1063 dolore
791 1027 961 1063 incensus
989 1026 1072 1063 iniit
1096 1026 1258 1070 consilia,
1281 1039 1384 1074 reges

116 1089 490 1128 Lacedaemoniorum
506 1091 646 1127 tollere.
697 1089 772 1127 Sed
792 1089 988 1133 sentiebat,
1006 1089 1044 1127 id
1063 1104 1101 1127 se
1121 1090 1200 1137 sine·
1218 1104 1285 1140 ope
1305 1089 1378 1127 deo·

115 1167 201 1191 rum
223 1154 344 1192 facere
366 1168 441 1191 non
462 1168 576 1204 posse,
598 1153 694 1203 quod
714 1153 994 1191 Lacedaemonii
1017 1155 1143 1192 onmia
1166 1154 1214 1192 ad
1233 1156 1384 1192 oracula

114 1217 249 1255 referre
277 1225 559 1255 consueverant.
618 1221 652 1254 2.
683 1218 858 1255 Primum
881 1219 1047 1268 Delphos
1071 1233 1306 1268 corrumpere
1329 1225 1385 1256 est

115 1289 282 1320 conatus.
340 1282 471 1328 Quum
499 1281 538 1320 id
569 1297 643 1320 non
676 1283 866 1332 potuisset,
898 1282 1098 1320 Dodonam
1131 1282 1283 1320 adortus
1315 1289 1382 1320 est.

114 1346 216 1384 Hinc
249 1360 392 1396 quoque
424 1348 593 1396 repulsus
625 1346 731 1391 dixit,
762 1361 799 1384 se
827 1353 917 1384 vota
945 1348 1154 1397 suscepisse,
1185 1361 1266 1397 quae
1295 1348 1320 1384 J
1323 1347 1384 1384 ovi

113 1411 324 1447 Hammoni
351 1411 534 1448 solveret:
565 1411 794 1455 existimans,
820 1425 857 1448 se
885 1411 995 1448 Afros
1023 1411 1168 1448 facilius
1195 1418 1384 1461 corruptu-

113 1487 210 1511 rum.
260 1477 295 1511 3.
317 1474 404 1511 Hac
424 1488 487 1524 spe
506 1488 624 1524 quum
643 1475 829 1524 profectus
849 1482 943 1512 esset
962 1475 1002 1512 in
1017 1475 1198 1519 Africam,
1216 1476 1384 1512 multum

113 1551 203 1575 eum
225 1538 413 1576 antistites
432 1539 458 1576 J
461 1539 539 1576 ovis
557 1539 781 1576 fefellerunt.
838 1539 946 1576 Nam
964 1553 1039 1576 non
1058 1540 1178 1576 solum
1197 1539 1384 1588 corrumpi

113 1614 188 1638 non
207 1608 420 1650 potuerunt,
439 1601 502 1639 scd
521 1603 638 1639 etiam
658 1604 799 1651 legatos
815 1602 1092 1640 Lacedaemona
1111 1603 1303 1646 miserunt,
1321 1603 1383 1652 qui

113 1663 358 1714 Lysandrum
378 1672 608 1709 accusarent,
630 1665 727 1714 quod
747 1665 955 1702 sacerdotes
974 1666 1052 1702 sani
1072 1680 1306 1715 eorrumpere
1327 1680 1382 1703 co-

113 1735 226 1766 natus
245 1736 350 1766 esset.
408 1733 444 1765 4.
475 1731 688 1766 Accusatus
707 1730 776 1766 hoc
800 1730 954 1766 criminc
969 1728 1216 1779 judicumque
1240 1731 1382 1766 absolu-

113 1799 175 1830 tus
207 1793 411 1836 sententiis,
447 1793 706 1830 Orchomeniis
739 1794 872 1830 missus
905 1792 1077 1837 subsidio,
1108 1794 1248 1830 occisus
1276 1801 1332 1831 cst
1360 1808 1381 1831 a

113 1856 306 1894 Thebanis
326 1855 426 1906 apud
444 1857 678 1894 Haliartum.
737 1859 771 1894 5.
795 1858 924 1903 Quam
943 1871 1030 1894 vere
1050 1856 1095 1894 de
1115 1871 1156 1894 co
1176 1858 1269 1895 soret
1284 1857 1381 1906 judi—

112 1926 253 1963 catum,
274 1920 391 1957 oratio
410 1919 545 1957 indicio
565 1920 647 1964 suit,
664 1934 745 1970 quae
765 1927 848 1970 post
866 1927 1026 1958 mortem
1046 1921 1085 1958 in
1104 1920 1211 1958 domo
1232 1922 1311 1970 ejus
1329 1936 1381 1959 re-

111 1990 219 2033 perta
247 1991 312 2027 est,
336 1984 376 2021 in
403 1998 479 2033 qua
507 1982 640 2021 suadet
663 1983 971 2028 Lacedaemoniis,
992 1991 1046 2028 ut,
1071 1985 1173 2033 regia
1195 1992 1381 2035 potestate

111 2046 300 2091 dissoluta,
325 2062 372 2085 cx
398 2048 570 2085 omnibus
597 2047 675 2086 dux
703 2048 891 2097 deligatur
914 2048 962 2085 ad
983 2048 1127 2086 bellum
1148 2048 1379 2098 gerendum;

111 2110 174 2148 sed
201 2112 258 2148 ita
285 2112 433 2161 scripta,
463 2119 508 2149 ut
536 2111 690 2150 deorum
718 2111 909 2150 videretur
939 2127 1139 2161 congruere
1171 2113 1378 2157 sententiae,

111 2188 228 2223 quam
263 2175 326 2212 ille
364 2189 401 2213 sc
434 2175 667 2220 habiturum,
702 2177 863 2226 pecunia
894 2175 1022 2220 fidens,
1057 2190 1133 2214 non
1165 2175 1375 2215 dubitabat.

113 2236 226 2283 Hanc
245 2238 278 2274 ei
297 2238 480 2287 scripsisse
501 2239 619 2277 Cleon
638 2240 949 2278 Halicarnasseus
968 2238 1115 2278 dicitur.
