1575 2771
165 207 201 250 4,
219 207 256 249 5,
273 202 334 258 6.]
611 213 714 240 xvn.
750 211 989 239 AGESILAUs.
1374 202 1427 238 83

161 317 284 343 nervae
303 303 554 353 conjecissent,
572 307 870 352 quaerereturque
891 300 938 337 ab
957 314 1009 344 eo,
1027 299 1116 348 quid
1131 299 1190 337 his
1203 299 1283 335 fieri
1302 300 1425 343 vellet,

159 368 229 405 etsi
251 368 393 417 aliquot
415 367 574 404 vulnera
602 371 796 416 acceperat
818 378 859 402 eo
881 364 1008 414 proelio
1031 369 1068 400 et
1089 354 1429 400 iratusvidebatur

159 431 341 475 omnibus,
366 431 429 480 qui
458 432 636 468 adversus
664 443 771 467 arma,
798 429 976 471 tulerant,
1001 434 1132 464 tamen
1160 426 1340 463 antetulit
1366 426 1429 463 irae

158 495 386 544 religionem,
408 501 446 532 et
468 508 528 532 eos
547 494 671 531 vetuit
693 492 836 530 violari.
894 493 929 528 7.
954 492 1090 540 Neque
1109 505 1197 528 vero
1216 491 1285 527 hoc
1309 491 1429 527 solum

157 558 196 595 in
212 559 361 595 Graecia
380 558 478 601 fecit,
496 564 540 595 ut
558 558 701 606 templa
720 556 873 594 deorum
892 562 1024 592 sancta
1042 556 1208 598 haberet,
1230 553 1294 591 sed
1312 554 1429 591 etiam

157 620 259 671 apud
286 621 463 659 barbaros
491 634 642 657 summa
672 620 849 668 religione
877 619 1005 655 omnia
1037 619 1240 655 simulacra
1273 631 1429 667 arasque

156 685 402 722 conservavit.
460 687 495 720 8.
528 684 663 733 Itaque
686 682 926 733 praedicabat,
950 682 1081 719 mirari
1109 696 1157 726 se,
1182 695 1257 719 non
1284 682 1428 718 sacrile-

154 761 287 796 gorum
314 761 472 785 numero
499 746 641 791 haberi,
673 747 737 796 qui
765 745 994 796 supplicibus
1027 760 1157 783 eorum
1188 746 1426 790 nocuissent;

155 817 224 848 aut
245 825 320 848 non
341 810 573 859 gravioribus
595 811 712 860 poenis
741 810 852 854 affici,
877 810 940 859 qui
962 809 1181 858 religionem
1203 809 1426 852 minuerent,

154 888 271 924 quam
290 875 354 924 qui
373 875 463 912 sana
482 875 695 924 spoliarent.

625 1054 868 1092 CAPUT
905 1053 953 1090 V.

211 1135 244 1168 1.
275 1131 378 1168 Posr
406 1131 477 1167 hoc
507 1130 681 1179 proelium
714 1130 896 1166 collatum
929 1134 985 1165 est
1017 1141 1126 1165 omne
1155 1128 1300 1165 bellum
1328 1128 1427 1165 circa

153 1194 392 1238 Corinthum,
427 1192 582 1243 ideoque
616 1193 858 1230 Corinthium
890 1198 946 1229 est
980 1192 1226 1241 appellatum.
1285 1194 1320 1228 2.
1350 1192 1426 1229 Hie

151 1271 270 1307 quum
289 1271 368 1294 una
386 1271 516 1307 pugna
534 1258 663 1294 decem
682 1256 804 1294 millia
822 1256 999 1299 hostium,
1014 1256 1192 1303 Agesilao
1212 1254 1318 1299 duce,
1336 1255 1426 1292 ceci-

150 1320 299 1364 dissent,
324 1335 439 1370 eoque
467 1321 566 1358 facto
595 1334 681 1370 opes
710 1318 1009 1357 adversariorum
1032 1318 1236 1356 debilitatae
1259 1318 1424 1356 videren-

149 1391 236 1423 tur:
274 1391 428 1422 tantum
457 1384 578 1422 abfuit
606 1383 655 1421 ab
682 1384 883 1421 insolentia
910 1383 1045 1431 gloriae,
1070 1389 1114 1419 ut
1143 1382 1425 1420 commiseratus

150 1448 198 1486 sit
216 1449 407 1486 fortunam
427 1448 594 1491 Graeciae,
615 1447 714 1497 quod
733 1454 814 1485 tam
832 1448 946 1484 multi
970 1460 992 1483 a
1011 1460 1049 1484 se
1067 1446 1161 1483 victi
1179 1446 1272 1483 vitio
1295 1447 1424 1483 adver-

150 1513 333 1551 sariorum
347 1511 592 1550 concidissent
604 1525 612 1557 ;
637 1525 802 1561 namque
818 1512 884 1548 illa
898 1509 1155 1554 multitudine,
1170 1510 1200 1547 si
1212 1524 1305 1547 sana
1318 1524 1424 1547 mens

149 1583 256 1620 esset,
290 1576 445 1613 Graeciae
468 1576 693 1624 supplicium
728 1577 857 1613 Persas
887 1573 976 1611 dare
1006 1574 1179 1623 potuisse.
1248 1576 1284 1610 3.
1314 1572 1424 1610 Idem

150 1653 268 1689 quum
284 1638 514 1676 adversarios
530 1639 630 1675 intra
648 1639 787 1675 moenia
806 1638 1053 1686 compulisset,
1071 1643 1119 1680 et,
1136 1644 1180 1674 ut
1197 1637 1423 1674 Corinthum

149 1705 393 1750 oppugnaret,
417 1699 531 1736 multi
553 1700 805 1741 hortarentur,
829 1698 995 1746 negavit,
1016 1696 1054 1734 id
1083 1711 1158 1734 suae
1180 1697 1313 1734 virtuti
1341 1711 1422 1734 con-

152 1764 299 1801 venire:
329 1777 367 1800 se
391 1763 492 1800 enim
520 1776 608 1799 eum
637 1776 713 1799 esse
742 1761 848 1805 dixit,
874 1762 938 1810 qui
961 1760 1010 1798 ad
1031 1761 1198 1798 officium
1226 1767 1422 1810 peccantes

150 1826 267 1864 redire
290 1833 447 1876 cogeret,
468 1840 553 1869 non,
575 1826 638 1875 qui
662 1827 771 1862 urbes
793 1825 1040 1863 nobilissimas
1063 1831 1296 1874 expugnaret
1320 1825 1422 1861 Grae-

149 1891 226 1928 ciae.
298 1894 334 1927 4.
366 1891 477 1928 Nam
503 1889 548 1933 si,
573 1889 704 1938 inquit,
730 1902 786 1926 eos
814 1889 1054 1937 efestiwguere
1080 1887 1326 1932 voluerimus,
1350 1888 1421 1936 qui

149 1954 343 1992 nobiscum
357 1954 540 1991 adversus
555 1953 731 1990 barbaros
750 1959 945 1996 steterunt,
961 1951 1184 2001 nosmetipsi
1198 1963 1265 1989 nos
1280 1964 1420 2000 expug-

150 2017 384 2062 naverimus,
414 2016 495 2054 illis
525 2016 811 2066 quiescentibus.
894 2016 979 2065 Quo
1000 2017 1113 2066 saeco
1144 2015 1227 2052 sine
1258 2014 1419 2063 negotze,

149 2093 274 2130 quum
291 2080 495 2124 voluerint,
511 2092 578 2117 nos
596 2079 827 2129 oppriment.

602 2263 844 2300 CAPUT
882 2262 964 2299 VI.

208 2342 241 2376 1.
271 2338 443 2376 INTERIM
466 2337 602 2374 accidit
624 2337 690 2373 illa
712 2336 911 2373 calamitas
934 2334 1034 2384 apud.
1056 2335 1226 2371 Leuctra
1244 2333 1418 2370 Lacedae-

152 2401 307 2441 moniis:
337 2415 408 2450 quo
430 2414 477 2437 ne
499 2399 800 2449 proficisceretur,
825 2411 941 2447 quum
965 2411 988 2434 a
1009 2397 1191 2446 plerisque
1215 2395 1263 2433 ad
1285 2410 1418 2434 exeun-

152 2465 241 2504 dum
259 2471 498 2515 premeretur,
514 2470 558 2501 ut
574 2464 603 2500 si
619 2464 663 2500 dc
679 2463 782 2499 exitu
799 2461 995 2504 divinaret,
1013 2461 1112 2498 exire
1127 2461 1257 2498 noluit.
1298 2461 1416 2505 Idem,
