1575 2771
151 199 191 244 6,
213 195 274 251 7.]
604 207 676 234 vn.
711 207 968 235 Arc1131AnEs.
1362 198 1414 235 33

150 298 269 347 culpae
291 310 366 334 suae
389 296 617 340 tribuebant,
639 295 736 345 quod
755 297 873 333 talem
891 296 1016 333 virum
1038 308 1058 332 e
1081 294 1236 331 civitate
1259 297 1413 344 expulis-

151 366 244 398 sent.
301 360 437 409 Neque
473 359 512 396 id
549 360 626 397 sine
664 374 778 397 causa
811 359 985 397 arbitrari
1017 357 1253 395 videbantur.
1311 359 1415 396 Nam

150 430 349 473 postquam
368 424 547 461 exercitui
562 437 715 473 praeesse
735 429 907 472 coeperat,
924 436 1044 471 neque
1060 428 1171 465 terra,
1188 435 1306 470 neque
1322 422 1415 457 mari

150 487 272 524 hostes
294 501 402 536 pares
425 501 501 524 esse
522 493 733 536 potuerant.
791 489 826 523 3.
857 486 933 523 Hic
955 492 999 523 ut
1018 500 1037 522 e
1056 485 1146 522 navi
1165 487 1331 533 egressus
1350 491 1415 527 est,

150 564 382 599 quamquam
402 551 659 588 Theramenes
687 556 725 586 et
749 549 1010 599 Thrasybulus
1038 548 1177 586 eisdem
1199 549 1308 585 rebus
1330 561 1416 597 prae-

150 616 311 660 fuerant,
329 616 514 665 simulque
529 621 711 652 venerant
731 615 770 652 in
785 615 970 652 Piraeeum
987 628 993 652 :
1022 621 1153 652 tamen
1172 615 1280 651 illum
1299 628 1416 650 unum

150 693 277 716 omnes
299 681 627 729 prosequebantur,
649 686 697 722 et,
718 678 758 716 id
780 678 878 728 quod
899 693 1109 728 numquam
1134 685 1247 716 antea
1268 693 1339 715 usu
1358 692 1417 715 ve-

150 749 268 786 nerat,
285 743 356 780 nisi
372 743 556 792 Olympiae
573 742 786 786 victoribus,
803 743 942 780 coronis
959 743 1079 780 aureis
1095 743 1289 791 aeneisque
1305 743 1418 789 vulgo

151 805 372 844 donabatur.
422 808 492 844 Ille
512 807 714 844 lacrimans
730 807 846 843 talem
860 807 1161 844 benevolentiam
1182 807 1322 843 civium
1341 820 1417 842 suo-

151 884 237 907 rum
267 871 484 919 accipiebat,
515 871 753 907 reminiscens
780 870 927 919 pristini
955 870 1132 919 temporis
1160 869 1415 906 acerbitatem.

152 938 188 970 4.
219 935 426 983 Postquam
455 941 540 970 astu
562 934 677 977 venit,
699 934 872 970 concione
901 933 1086 970 advocata
1108 933 1158 969 sic
1181 934 1296 969 verba
1319 933 1417 975 fecit,

152 1004 195 1034 ut
213 1011 323 1034 nemo
343 1003 425 1033 tam
444 997 543 1033 ferus
562 997 685 1039 fuerit,
703 996 793 1044 quin
812 996 891 1044 ejus
911 1009 1041 1032 casum
1060 996 1278 1039 laorimarit,
1299 995 1419 1032 inimi-

153 1074 312 1109 cumque
332 1060 390 1096 his
409 1073 446 1096 se
465 1058 679 1103 ostenderit,
698 1073 855 1108 quorum
875 1073 986 1109 opera
1000 1059 1125 1109 patria
1143 1060 1271 1108 pulsus
1285 1059 1418 1103 suerat,

151 1123 304 1175 proinde
323 1138 367 1161 ac
387 1124 416 1161 si
436 1124 531 1161 alius
546 1125 714 1173 populus,
731 1137 805 1160 non
824 1124 886 1160 ille
906 1124 993 1173 ipse,
1011 1124 1072 1173 qui
1089 1130 1172 1160 tum
1188 1122 1316 1167 flebat,
1333 1137 1420 1160 eum

153 1188 336 1236 sacrilegii
362 1187 588 1225 damnasset.
647 1190 681 1224 5.
713 1187 912 1224 Restituta
940 1200 1026 1235 ergo
1053 1187 1141 1224 huic
1165 1193 1252 1223 sunt
1274 1186 1420 1236 publice

152 1251 275 1297 bona;
303 1250 490 1301 iidemque
518 1251 574 1288 illi
596 1250 835 1300 Eumolpidae
858 1250 1065 1288 sacerdotes
1086 1264 1213 1288 rursus
1234 1264 1421 1288 resacrare

154 1322 242 1353 sunt
270 1316 400 1359 coacti,
430 1315 494 1364 qui
521 1329 609 1352 eum
638 1314 894 1360 devoverantg
925 1315 1081 1364 pilaeque
1108 1315 1192 1359 illae,
1222 1315 1262 1352 in
1289 1313 1421 1364 quibus

109 1370 111 1372 .
154 1377 302 1417 devotio
320 1379 443 1416 fuerat
463 1378 612 1429 scripta,
633 1378 673 1415 in
691 1392 796 1416 mare
814 1379 1068 1428 praecipitatae.

594 1563 836 1600 CAPUT
873 1563 989 1600 VII.

213 1641 246 1674 1.
277 1637 376 1674 HAEc
398 1635 586 1673 Alcibiadi
605 1637 740 1673 laetitia
758 1650 832 1673 non
850 1636 961 1673 nimis
980 1636 1052 1673 suit
1071 1635 1262 1673 diuturna.
1316 1636 1424 1673 Nam

157 1715 275 1751 quum
307 1701 340 1738 ei
368 1714 496 1737 omnes
523 1706 643 1737 essent
671 1700 827 1736 honores
855 1698 1003 1742 decreti,
1034 1706 1187 1748 totaque
1215 1699 1425 1748 respublica

158 1764 258 1802 domi
284 1764 445 1813 bellique
473 1762 625 1806 tradita,
647 1769 690 1800 ut
718 1763 830 1799 unius
859 1763 1010 1799 arbitrio
1038 1769 1251 1810 gereretur;
1282 1768 1320 1799 ct
1348 1763 1424 1812 ipse

158 1829 390 1878 postulasset,
420 1833 464 1864 ut
492 1825 564 1863 duo
593 1825 661 1863 sibi
692 1827 840 1874 collegze
874 1824 1063 1869 darentur,
1094 1825 1354 1874 Thrasybulus
1387 1832 1424 1862 et

159 1890 399 1934 Adimantus,
419 1903 538 1939 neque
565 1888 605 1926 id
631 1895 814 1937 negatum
841 1895 960 1926 esset:
990 1889 1105 1926 classe
1123 1889 1207 1937 jam
1230 1889 1268 1925 in
1291 1889 1424 1925 Asiam

161 1955 354 2005 profectus,
375 1952 473 2003 quod
495 1951 596 2002 apud
620 1953 766 2002 Cymen
789 1953 914 1989 minus
937 1966 983 1989 ex
1006 1952 1192 1989 sententia
1210 1965 1290 1988 rem
1309 1965 1425 1999 gesse-

160 2024 230 2061 rat,
255 2017 294 2054 in
320 2015 504 2054 invidiam
531 2014 673 2053 recidit.
731 2018 766 2051 2.
798 2015 908 2052 Nihil
935 2015 1036 2052 enim
1064 2028 1151 2051 eum
1178 2028 1253 2052 non
1281 2015 1425 2051 efficere

160 2094 262 2130 posse
290 2079 490 2117 duc-ebant.
547 2079 610 2116 Ex
637 2092 709 2128 quo
736 2078 862 2122 fiebat,
884 2085 928 2115 ut
957 2078 1084 2115 omnia
1104 2078 1230 2115 minus
1256 2092 1426 2127 prospere

155 2150 267 2192 ,gesta
289 2144 368 2192 ejus
386 2144 504 2192 culpae
524 2142 741 2185 tribuerent,
764 2155 880 2191 quum
900 2155 988 2178 eum
1009 2148 1076 2178 aut
1095 2142 1336 2190 negligenter,
1359 2147 1426 2177 aut

162 2207 346 2244 malitiose
364 2207 491 2244 fecisse
509 2207 748 2255 loquerentur
765 2219 771 2243 :
800 2206 894 2242 sicut
913 2212 997 2242 tum
1006 2204 1164 2258 accidit.
1213 2205 1330 2247 Nam,
1352 2217 1427 2240 cor-

164 2266 319 2319 r‘uptum
342 2283 365 2306 a
382 2283 468 2317 rege
491 2282 622 2318 capere
643 2269 790 2317 Cymen
811 2268 980 2311 noluisse,
1003 2267 1223 2315 arguebant.
1282 2269 1316 2302 3.
1348 2266 1427 2302 Ita-

164 2345 235 2382 que
262 2331 350 2369 huic
376 2332 542 2368 maxime
570 2337 750 2379 putamus
777 2331 877 2367 malo
900 2330 1010 2367 fuisse
1037 2330 1197 2367 nimiam
1219 2329 1427 2378 opinionem

166 2395 303 2443 ingenii
327 2401 438 2444 atque
460 2394 623 2431 virtutis.
681 2392 908 2430 Timebatur
930 2393 1031 2429 enim
1053 2406 1127 2429 non
1154 2392 1288 2435 minus,
1313 2404 1426 2440 quam

167 2458 402 2507 diligebatur,
431 2471 488 2501 ne,
518 2455 681 2494 secunda
709 2457 858 2493 fortuna
887 2456 1106 2504 magnisque
1139 2454 1268 2504 opibus
1294 2455 1424 2501 elatus,

735 2517 764 2553 B
787 2519 809 2552 2
