1575 2771
111 139 191 178 102
529 150 726 179 CORNELH
757 150 945 178 neporus
1307 132 1368 190 [5.

573 354 816 393 CAPUT
854 355 901 391 V.

160 435 192 469 1.
218 432 281 468 AD
304 432 402 468 hanc
422 430 582 468 hominis
604 431 850 467 excellentem
867 429 1075 467 bonitatem
1098 429 1287 467 mirabiles
1310 442 1368 468 ao·

103 502 291 532 cesserunt
315 508 432 532 casus.
489 495 597 532 Nam
619 495 750 544 proelia
771 494 942 531 maxima
963 494 1084 530 natali
1107 493 1164 530 die
1192 507 1257 530 suo
1279 493 1368 531 fecit

102 560 229 596 omnia
244 572 251 596 ;
276 573 347 608 quo
363 559 506 596 sactum
526 565 592 602 est,
607 565 651 595 ut
670 559 699 606 ej
706 571 748 595 us
763 558 861 594 diem
876 558 1044 594 natalem
1058 557 1197 594 festum
1212 556 1368 594 haberet

102 623 277 660 universa
294 623 433 659 Sicilia.
492 626 526 659 2.
548 622 651 659 Huic
666 622 819 672 quidam
831 621 1058 665 Lamestius‚
1072 621 1182 658 homo
1196 621 1369 670 petulans

102 693 141 723 et
168 687 350 734 ingratus,
371 685 630 724 vadimonium
653 700 769 736 quum
791 687 905 724 vellet
932 687 1131 736 imponere,
1155 685 1253 736 quod
1281 699 1369 723 cum

102 750 164 786 illo
184 763 221 786 se
241 750 322 798 lege
343 764 452 798 agere
472 749 610 787 diceret
629 756 667 787 ot
686 751 892 800 complures
911 750 1190 794 concurrissent,
1208 750 1272 800 qui
1289 763 1368 800 pro-

102 813 304 850 cacitatem
331 814 492 851 hominis
519 813 693 851 manibus
721 817 887 851 coercere
915 820 1148 857 conarentur,
1173 813 1370 850 Timoleon

101 876 222 913 oravit
239 890 375 921 omnes,
389 891 436 914 ne
450 875 488 914 id
501 877 676 914 facerent.
721 877 899 927 Namque
911 877 950 914 id
960 883 1004 914 ut
1015 877 1211 914 Lamestio
1226 876 1370 914 ceteris-

101 954 172 990 que
194 941 331 984 liceret,
353 954 390 977 se
413 941 598 978 maximos
620 940 763 978 labores
790 954 1011 990 summaque
1040 940 1170 978 adiisse
1191 940 1368 990 pericula.

102 1004 215 1041 Hanc
235 1004 335 1041 enim
355 1004 515 1054 speciem
533 1003 717 1041 libertatis
740 1018 827 1048 esse,
849 1005 879 1041 si
897 1003 1079 1047 omnibus,
1101 1004 1198 1053 quod
1216 1004 1370 1053 quisque

103 1068 227 1111 vellet,
248 1068 392 1116 legibus
411 1068 568 1118 experiri
587 1069 725 1106 liceret.
783 1071 818 1105 3.
843 1066 963 1112 Idem,
984 1081 1101 1117 quum
1121 1066 1276 1117 quidam
1294 1068 1369 1104 La-

103 1131 227 1168 mestii
242 1131 381 1175 similis,
395 1132 545 1169 nomine
558 1132 811 1175 Demaenetus,
825 1132 865 1169 111
880 1132 1052 1168 concione
1064 1132 1191 1181 populi
1203 1132 1247 1168 de
1263 1132 1372 1168 rebus

102 1195 214 1243 gestis
233 1195 313 1243 ejus
331 1196 525 1233 detrahere
544 1196 722 1246 eoepisset,
741 1210 784 1233 ae
803 1197 983 1233 nonnulla
999 1196 1240 1238 ,inveheretur
1253 1195 1293 1232 in
1307 1195 1371 1232 Ti-

102 1259 300 1303 moleonta,
321 1259 425 1303 dixit,
447 1273 547 1297 nunc
566 1259 720 1297 demum
739 1274 776 1297 sc
795 1260 873 1297 voti
893 1274 968 1297 esse
988 1259 1213 1297 damnatum
1230 1273 1236 1297 :
1265 1273 1370 1297 nam-

103 1334 173 1369 que
189 1322 257 1358 hoc
275 1335 295 1358 a
312 1321 380 1359 diis
399 1322 674 1360 immortalibus
693 1336 838 1373 semper
851 1329 1058 1373 precatum,
1075 1329 1119 1361 ut
1134 1324 1251 1360 talem
1264 1322 1369 1361 liber-

104 1391 223 1422 tatem
251 1386 461 1423 restitueret
487 1387 740 1436 Syracusanis,
765 1387 805 1424 111
827 1401 902 1436 qua
930 1387 1048 1424 cuivis
1069 1387 1207 1431 liceret,
1232 1388 1277 1424 de
1299 1401 1370 1436 quo

102 1450 227 1492 vellet,
242 1463 393 1499 impune
406 1449 537 1488 dicere
589 1455 625 1487 4.
647 1452 722 1488 Hic
735 1465 852 1500 quum
868 1452 967 1489 diem
981 1465 1198 1501 supremum
1210 1451 1368 1498 obiisset,

102 1513 249 1562 publice
273 1527 296 1550 a
316 1515 559 1563 Syracusanis
581 1515 620 1551 111
642 1515 845 1564 gymnasio,
867 1516 963 1564 quod
983 1515 1285 1552 Timoleonteum
1309 1528 1370 1564 ap-

104 1577 274 1626 pellatur,
298 1584 377 1615 tota
396 1578 608 1616 celebrante
629 1579 770 1621 Sicilia,
792 1579 958 1626 sepultus
977 1585 1044 1616 est.
