1575 2771
175 178 252 215 124
596 189 791 216 CORNELII
824 189 1012 215 NEPO'I'IS.
1372 174 1429 228 [5.

169 288 230 313 sar
249 290 337 313 usus
360 284 448 321 erat,
472 278 578 314 nulla
600 277 721 326 potuit
743 290 819 313 esse
839 275 1019 320 solicitas;
1050 276 1259 325 feliciorque
1278 290 1360 314 meo
1374 278 1419 325 ju

168 341 263 380 dicio
283 343 469 380 Camillus
497 344 680 385 exsulans,
702 355 817 390 quam
846 342 1074 390 temporibus
1096 342 1226 379 iisdem
1249 343 1420 379 Manlius

168 406 325 449 etiamsi,
359 407 396 443 id
426 407 522 455 quod
559 406 736 455 cupierat,
771 418 926 453 regnare
963 405 1152 454 potuisset.
1228 405 1420 443 Ammicm

169 469 307 513 Effare„
329 471 352 506 l.
375 470 463 512 xxi„
485 475 578 506 extr.

222 535 256 569 7.
282 534 376 569 Haec
396 531 550 582 quidam
568 539 741 569 veterum
759 532 1010 575 formidantes,
1031 532 1258 580 cognitiones
1277 539 1431 569 actuum

166 596 369 639 variorum,
392 597 485 633 stilis
507 595 739 633 uberioribus
761 596 977 645 explicatas,
999 609 1074 632 non
1092 594 1237 632 edidere
1260 595 1432 644 supersti-

166 665 244 696 tes:
275 665 318 695 ut
341 659 380 695 in
403 659 568 707 quadam
591 659 639 695 ad
658 658 769 695 Corn.
787 659 977 708 Nepotem
1001 659 1156 708 epistola
1175 659 1326 695 Tullius
1348 672 1432 707 quo-

165 735 236 769 que
252 722 357 757 testis
372 720 594 757 reverendus
609 721 786 758 affirmat.
832 722 1035 759 Ammian.
1051 722 1191 766 filare„
1204 723 1229 758 l.
1243 722 1358 765 xxvi„
1375 735 1429 771 pr.

219 786 253 819 8.
281 784 484 821 Sententiae
517 784 617 820 illius
647 784 836 821 Tulh‘anae
870 785 1031 832 ignarus,
1061 784 1236 829 docentis,
1268 785 1431 823 infelices

163 860 239 884 esse
252 861 321 891 eos,
337 848 400 896 qui
412 848 538 885 omnia
553 847 622 884 sibi
634 848 743 884 licere
755 847 1032 885 existimarunt.
1073 848 1276 885 Ammian.
1289 848 1414 884 Effare.
1422 877 1429 891 ,

163 911 188 947 l.
204 911 320 955 xxvi„
337 918 430 948 extr.

348 1016 497 1053 IDEM
520 1017 597 1053 AD
621 1016 885 1054 ATTICUM
909 1016 984 1053 DE
1009 1016 1248 1054 NEPOTE.

218 1092 252 1127 9.
275 1091 450 1128 NEPOTIS
465 1092 661 1141 epistolam
675 1097 858 1140 exspecto.
908 1091 1076 1140 Cupidus
1092 1091 1154 1128 ille
1168 1105 1348 1136 meorum,
1366 1092 1429 1141 qui

163 1167 219 1197 ea,
236 1153 371 1202 quibus
389 1155 556 1191 maxime
574 1156 734 1203 γαυριῶ,
756 1153 913 1202 legenda
931 1168 1005 1190 non
1023 1160 1143 1203 putet.
1201 1155 1256 1192 Et
1275 1155 1330 1192 ais
1347 1156 1429 1203 μετ’

163 1215 364 1266 ἀμύμονα;
406 1224 449 1255 tu
482 1214 570 1254 vero
602 1217 773 1266 ἀμύμων,
805 1218 867 1254 ille
900 1217 1050 1266 quidem
1083 1216 1282 1266 ἄμὸροτος.
1339 1218 1426 1256 Lib.

163 1280 251 1324 xvi„
274 1283 308 1317 5.

219 1345 278 1380 10.
303 1344 410 1381 Male
432 1358 563 1382 narras
585 1343 630 1382 de
653 1344 813 1394 Nepotis
831 1344 918 1381 filio.
974 1344 1095 1381 Valde
1116 1345 1330 1382 mehercule
1351 1358 1427 1382 mo-

165 1420 249 1443 veor
264 1413 302 1444 et
316 1408 469 1446 moleste
484 1408 569 1446 sero.
618 1407 839 1446 Nescieram
853 1407 1015 1452 omnino,
1031 1420 1109 1445 esse
1124 1407 1240 1446 istum
1254 1421 1414 1458 puerum

163 1470 236 1521 Ep.
259 1473 318 1509 14.
