1575 2771
131 209 170 254 2,
191 207 252 261 3.]
587 220 674 246 xvr.
706 219 941 245 ennomus.
1337 213 1386 249 ¹77

130 313 278 357 tempus
309 315 366 345 est
393 308 517 346 visum
550 308 603 345 rei
634 306 813 356 gerendae,
843 308 1090 344 communiter
1117 321 1204 351 cum
1231 309 1298 352 his,
1329 312 1390 359 qui

130 371 272 408 Thebis
294 372 394 408 idem
417 371 638 415 sentiebant,
660 371 759 408 diem
781 369 996 419 delegerunt
1019 372 1066 408 ad
1087 371 1255 408 inimicos
1274 386 1390 420 oppri-

128 436 280 472 mendos
308 436 573 484 civitatemque
601 434 835 471 liberandam
858 448 956 477 eum,
982 448 1051 483 quo
1073 435 1231 471 maximi
1257 436 1390 483 magis-

128 505 251 536 tratus
270 499 382 536 simul
402 504 670 536 consueverant
689 498 843 546 epulari.
896 500 931 534 3.
957 498 1110 546 lWagnae
1131 511 1224 547 saepe
1244 512 1300 534 res
1318 512 1391 535 non

127 562 184 599 ita
201 563 349 611 magnis
368 563 479 612 copiis
497 568 585 599 sunt
604 567 717 609 gestae
733 573 741 605 ;
771 559 834 597 sed
847 560 1009 610 profecto
1023 575 1232 610 numquam
1248 562 1295 598 ab
1310 568 1391 598 tam

128 626 231 663 tenui
246 627 352 662 initio
372 632 488 663 tantae
507 638 592 674 opes
611 630 698 660 sunt
713 624 930 672 profligatae.
979 624 1085 660 Nam
1099 623 1293 661 duodecim
1309 623 1391 661 ado·

126 689 322 725 lescentuli
349 689 516 725 coierunt
544 701 591 724 ex
617 687 684 730 his,
709 686 774 735 qui
801 687 928 723 exsilio
956 693 1063 724 erant
1084 688 1249 731 multati,
1274 701 1391 736 quum

126 753 276 788 omnino
303 765 378 788 non
404 758 525 788 essent
553 751 715 800 amplius
743 757 906 794 centum,
928 752 991 799 qui
1018 758 1124 788 tanto
1152 765 1189 788 se
1217 752 1391 788 offerrent

125 815 298 864 periculo.
355 815 444 860 Qua
462 815 653 864 paucitate
675 814 846 863 perculsa
868 820 923 850 est
942 813 1313 851 Lacedaemoniorum
1331 829 1391 864 po-

126 878 259 915 tentia.
307 881 343 914 4.
365 878 420 914 Hi
435 878 535 914 enim
553 891 628 914 non
646 878 767 925 magis
787 876 1082 915 adversariorum
1097 878 1259 922 factioni,
1276 893 1392 928 quam

129 941 334 990 Spartanis,
355 954 396 978 eo
416 947 579 990 tempore
598 940 740 977 bellum
759 941 979 984 intulerunt,
1000 942 1064 989 qui
1082 942 1266 990 principes
1285 948 1392 978 erant

126 1005 242 1041 totius
265 1004 445 1047 Graeciae;
475 1017 631 1052 quorum
659 1003 805 1051 imperii
832 1003 1020 1050 majestas,
1044 1017 1162 1052 neque
1190 1004 1245 1040 ita
1272 1005 1392 1040 multo

125 1073 217 1116 post,
252 1066 456 1103 Leuctrica
492 1080 629 1115 pugna,
665 1065 712 1102 ab
750 1067 820 1102 hoc
856 1066 963 1102 initio
1000 1068 1179 1115 perculsa,
1219 1066 1389 1104 concidit.

127 1133 162 1167 5.
193 1130 256 1167 Illi
278 1130 392 1178 igitur
414 1129 618 1172 duodecim,
643 1143 801 1178 quorum
830 1136 911 1166 erat
939 1128 1016 1166 dux
1043 1129 1251 1179 Pelopidas,
1276 1145 1391 1180 quum

126 1193 287 1230 Athenis
305 1192 468 1230 interdiu
487 1193 658 1236 exissent,
674 1200 718 1229 ut
738 1200 1018 1242 vesperascente
1038 1195 1126 1230 coelo
1143 1193 1296 1231 Thebas
1313 1208 1391 1243 pos-

125 1263 207 1294 sent
225 1257 428 1307 pervenire,
443 1271 531 1294 cum
550 1258 704 1294 canibus
719 1257 900 1293 venaticis
916 1257 1096 1301 exierunt,
1113 1257 1207 1294 retia
1221 1257 1390 1298 ferentes.

125 1321 264 1358 vestitu
298 1321 443 1369 agresti,
472 1335 542 1370 quo
570 1321 712 1357 minore
746 1321 950 1370 suspicione
979 1321 1144 1358 facerent
1177 1322 1258 1358 iter.
1316 1320 1392 1366 Qui

125 1397 243 1433 quum
271 1391 437 1434 tempore
464 1387 552 1434 ipso,
582 1397 654 1434 quo
682 1383 914 1427 studuerant,
944 1385 1208 1433 pervenissent,
1238 1385 1391 1421 domum

126 1446 310 1485 Charonis
329 1447 571 1492 devenerunt,
593 1461 616 1485 a
635 1462 705 1497 quo
724 1454 762 1485 et
781 1454 930 1497 tempus
950 1455 987 1485 et
1007 1448 1082 1485 dies
1101 1454 1181 1485 erat
1201 1446 1324 1485 datus.

570 1628 811 1664 CAPUT
850 1628 950 1664 III.

184 1705 216 1738 1.
246 1701 336 1738 Hoc
365 1702 443 1738 loco
470 1700 562 1738 libet
585 1701 827 1749 interponere,
852 1701 920 1737 etsi
949 1702 1160 1749 sejunctum
1183 1701 1231 1738 ab
1253 1716 1291 1739 re
1313 1716 1392 1751 pro-

126 1765 248 1814 posita
262 1771 328 1808 est,
345 1764 464 1801 nimia
477 1763 616 1801 fiducia
631 1771 781 1813 quantae
797 1765 1005 1801 calamitati
1022 1766 1136 1802 soleat
1152 1779 1239 1802 6556.
1285 1766 1390 1803 Nam

126 1828 420 1876 magistratuum
440 1827 710 1864 Thebanorum
733 1828 864 1864 statim
888 1826 935 1864 ad
959 1841 1065 1865 aures
1087 1829 1267 1877 pervenit,
1289 1843 1392 1866 exsu-

127 1891 180 1928 les
198 1892 239 1928 in
256 1892 389 1928 urbem
408 1890 609 1928 devenisse.
667 1890 713 1928 Id
732 1891 796 1934 illi,
813 1891 900 1928 vino
920 1892 1109 1940 epulisque
1129 1891 1255 1935 dediti,
1276 1906 1392 1941 usque

125 1968 168 1992 eo
187 1956 443 2005 despexerunt,
460 1962 504 1992 ut
524 1969 570 1992 ne
585 1968 747 2004 quaerere
763 1955 912 2004 quidem
927 1956 972 1992 de
991 1961 1101 1991 tanta
1119 1969 1158 1991 re
1174 1956 1389 1992 laborarint.

127 2021 162 2055 2.
193 2019 362 2056 Accessit
389 2019 516 2062 etiam,
540 2018 639 2068 quod
664 2019 786 2067 magis
815 2019 973 2068 aperiret
996 2032 1124 2055 eorum
1147 2019 1388 2055 dementiam.

126 2083 260 2120 Allata
287 2089 342 2120 est
370 2083 470 2119 enim
500 2083 657 2132 epistola
684 2083 846 2119 Athenis
874 2082 922 2119 ab
950 2083 1105 2126 Archia,
1135 2082 1388 2132 hierophante,

126 2146 335 2194 cognomini
369 2146 458 2195 ejus,
488 2146 648 2189 Archiae,
677 2146 741 2194 qui
769 2152 854 2182 tum
882 2146 1096 2185 maximum
1124 2146 1390 2194 magistratum

127 2208 269 2246 Thebis
290 2209 494 2253 obtinebat,
514 2210 554 2246 in
576 2223 651 2259 qua
669 2210 795 2246 omnia
815 2208 859 2246 de
878 2209 1101 2258 profectione
1121 2210 1294 2246 exsulum
1313 2222 1389 2257 per-

127 2272 265 2322 sc'ripta
287 2281 404 2310 erant.
461 2274 556 2318 Quae
579 2287 695 2322 quum
712 2274 795 2321 jam
821 2273 1020 2310 accubanti
1043 2273 1083 2309 in
1105 2272 1273 2309 convivio
1296 2277 1389 2308 esset

127 2335 229 2380 data,
251 2337 345 2373 sicut
365 2343 446 2373 erat
469 2337 627 2383 signata,
649 2335 717 2372 sub
740 2336 940 2384 pulvinum
959 2335 1166 2383 subjiciens,
1190 2335 1241 2370 Ia
1260 2334 1390 2370 erasti·

126 2413 235 2444 num,
265 2400 395 2450 inquit,
424 2400 561 2450 differo
588 2412 644 2436 ‘res
671 2411 824 2436 severas.
883 2401 917 2434 3.
948 2400 1004 2435 At
1032 2399 1086 2434 illi
1114 2411 1250 2440 omnes,
1272 2409 1390 2446 quum

127 2465 210 2514 jam
235 2477 309 2502 nox
330 2464 570 2514 processisset,
591 2463 770 2500 vinolenti
794 2461 841 2498 ab
864 2461 1061 2504 exsulibus,
1083 2462 1175 2498 duce
1198 2458 1389 2509 Pelopida,
