1575 2771
166 219 219 257 70
234 222 244 230 '
584 227 779 254 CORNELu
812 226 998 252 Nffl‘o'ris.
1367 210 1425 264 [4.

165 319 414 363 conferebant,
435 317 540 366 eique
564 322 606 352 ut
628 315 698 365 ipsi
722 319 975 357 numerarent,
999 313 1184 358 faciebat;
1214 318 1257 349 ut
1280 312 1353 355 isse,
1380 309 1427 349 ad

164 395 276 432 quem
295 395 341 419 ea
358 395 415 419 res
433 379 684 431 perveniebat,
706 378 825 422 sciret,
846 383 1033 427 quantum
1051 376 1185 426 cuique
1203 374 1364 413 deberet.

612 561 853 599 CAPUT
900 560 980 598 IV.

221 644 252 676 1.
275 640 465 676 TENTATA
478 644 605 674 autem
618 637 698 685 ejus
713 642 768 673 cst
784 635 1013 672 abstinentia
1026 648 1048 672 a
1061 635 1320 678 Diomedonte,
1336 634 1430 684 Cyz-

164 704 278 740 iceno.
335 703 516 750 Namque
539 702 570 737 is
591 707 725 749 rogatu
745 700 968 736 Artaxerxis
991 699 1297 749 Epaminondam
1319 712 1429 748 pecu·

164 767 229 803 nia
256 765 569 814 corrumpendum
602 770 825 813 susceperat.
881 760 957 800 Hic
989 776 1127 811 magno
1155 776 1243 799 cum
1270 761 1429 812 pondere

165 829 247 865 auri
262 829 415 865 Thebas
429 827 543 870 venit,
560 834 598 863 et
618 827 838 876 Micythum
858 827 1174 863 adolescentulum
1193 826 1355 875 quinque
1375 832 1430 862 ta·

164 892 276 929 lentis
296 890 344 928 ad
366 904 476 928 suam
498 889 673 940 perduxit
692 891 939 934 voluntatem,
961 902 1072 938 quem
1093 896 1178 926 tum
1201 890 1431 939 Epaminon-

165 957 231 993 das
245 956 454 1006 plurimum
469 955 658 1003 diligebat.
710 954 908 1003 lN‘Iicythus
923 951 1230 1003 Epaminondam
1246 952 1431 996 convenit,

165 1026 203 1056 et
226 1032 381 1056 causam
406 1017 590 1055 adventus
613 1018 872 1054 Diomedontis
894 1017 1066 1054 ostendit.
1124 1020 1159 1053 2.
1189 1018 1245 1054 At
1263 1017 1326 1054 ille
1345 1016 1432 1053 Dio-

166 1084 338 1120 medonte
354 1095 492 1126 coram,
511 1081 639 1126 Nihil,
656 1081 788 1130 inquit,
804 1093 897 1129 opus
906 1081 1077 1129 pecunia
1092 1086 1153 1117 est.
1212 1082 1322 1118 ,Ncwn
1336 1081 1369 1117 si
1388 1093 1434 1118 ea

166 1159 231 1184 ‘rex
249 1146 343 1189 vult,
361 1158 447 1194 qum
475 1144 667 1181 Thebanis
686 1144 765 1180 sinc
783 1144 915 1187 utilia,
930 1144 1056 1192 gratis
1063 1145 1198 1194 facere
1215 1156 1302 1180 sum
1314 1156 1433 1192 parw-

168 1217 256 1254 tus,·
285 1210 349 1247 sin
375 1215 508 1246 autem
535 1208 743 1251 contraria,
772 1220 852 1244 ozon
877 1207 987 1244 habet
1013 1208 1108 1244 aare:
1135 1213 1253 1256 atque
1278 1207 1434 1256 argenti

166 1274 271 1312 satis.
329 1275 513 1322 ZVamque
535 1272 633 1309 orbis
661 1278 857 1309 terrarmn
879 1271 1043 1308 divitias
1064 1271 1233 1320 accipere
1253 1270 1339 1308 nolo
1361 1284 1435 1320 pro

169 1338 315 1388 pacfice
337 1337 510 1374 caritate.
568 1339 603 1373 3.
643 1337 705 1372 Τιι
728 1335 831 1384 quod
852 1347 912 1372 me
933 1335 1179 1383 incognitum
1201 1335 1358 1373 tentasti
1378 1341 1434 1372 tzo-

167 1402 259 1451 ique
286 1400 453 1438 similem
475 1399 715 1443 existimasti,
739 1411 819 1435 ozon
845 1399 967 1435 miror
995 1398 1140 1447 tibique
1167 1398 1345 1447 v'gnoseo,·
1373 1399 1437 1436 sed

169 1465 341 1514 egredere
358 1477 527 1513 propere,
552 1476 600 1500 oze
621 1462 716 1500 alios
739 1474 972 1510 corrumpas,
997 1474 1121 1510 quum
1142 1474 1202 1498 me
1223 1474 1302 1498 ozon
1323 1469 1436 1511 potu-

169 1529 253 1566 eris.
319 1529 392 1572 Tea,
414 1527 598 1577 Micythe
618 1532 828 1574 argentum
849 1525 942 1562 huie
962 1525 1103 1569 7·eclde,·
1132 1525 1211 1562 nisi
1234 1526 1279 1562 id
1299 1527 1436 1575 conses-

170 1593 370 1643 timfaeis,
391 1605 456 1640 ego
476 1598 510 1629 te
529 1591 687 1628 tradam
700 1589 968 1639 magistratui.
1025 1592 1061 1625 4.
1093 1590 1208 1626 Hunc
1228 1589 1437 1626 Diomedon

171 1671 289 1706 quum
316 1662 472 1704 rogaret,
497 1661 542 1692 ut
569 1661 653 1692 tuto
676 1654 776 1690 exire
789 1666 950 1701 suaque,
976 1666 1057 1701 qua>
1086 1652 1283 1695 attulisset,
1308 1652 1438 1689 liceret

171 1721 299 1758 efferre
315 1733 322 1757 :
348 1719 463 1756 Istud
477 1718 646 1767 quidem,
663 1717 795 1766 inquit,
800 1716 960 1766 faciam
970 1729 986 1760 ,·
1009 1728 1132 1765 neque
1146 1722 1217 1753 tua
1231 1728 1359 1760 causa,
1375 1716 1438 1754 sed

169 1797 266 1828 mea,
286 1797 345 1827 ne,
361 1783 395 1820 si
414 1782 485 1820 tz'bc‘
503 1782 555 1818 sic
571 1781 744 1830 peezmz'a
761 1781 928 1823 ademta,
945 1779 1093 1829 aliquis
1111 1780 1227 1823 dieat,
1243 1780 1290 1816 id
1306 1781 1361 1817 acl
1378 1793 1439 1817 me

171 1854 343 1896 ereptum
352 1845 576 1896 pervenisse,
593 1845 697 1893 quod
710 1843 884 1881 delatum
897 1843 1065 1891 accipere
1078 1842 1293 1880 noluissem.
1342 1845 1377 1880 5.
1399 1845 1437 1881 A

172 1925 244 1960 quo
267 1923 386 1959 quum
407 1908 606 1958 quaesissct,
635 1921 705 1956 quo
729 1920 765 1944 se
788 1905 920 1943 deduci
946 1907 1069 1950 vellet,
1091 1912 1128 1943 et
1156 1907 1229 1949 ille,
1251 1906 1434 1951 Athenas,

171 1974 348 2011 dixisset:
383 1971 596 2022 praesidium
624 1969 737 2015 dedit,
765 1977 808 2007 ut
835 1983 878 2007 co
906 1976 989 2007 tuto
1017 1970 1235 2019 perveniret.
1303 1970 1437 2020 Neque

172 2051 258 2075 vero
278 2037 315 2074 id
330 2037 420 2073 satis
439 2034 584 2078 habuit,
602 2035 664 2071 sed
679 2034 806 2077 etiam,
824 2040 868 2071 ut
887 2033 1087 2070 inviolatus
1102 2034 1141 2070 in
1159 2047 1298 2070 navem
1314 2048 1437 2071 ascen-

172 2102 285 2144 deret,
306 2114 371 2150 per
391 2098 601 2136 Chabriam
619 2098 902 2141 Atheniensem,
923 2095 969 2133 de
987 2110 1059 2146 quo
1078 2110 1191 2147 supra
1208 2098 1437 2135 mentionem

172 2165 339 2208 fecimus,
369 2163 502 2200 essecit.
571 2161 820 2199 Abstinentiae
848 2160 918 2197 erit
946 2161 1016 2197 hoc
1049 2161 1139 2197 satis
1167 2162 1434 2198 testimonium.

175 2232 210 2266 (3.
240 2228 414 2265 Plurima
437 2227 588 2276 quidem
610 2225 769 2275 proferre
791 2236 1003 2274 possemus3
1033 2224 1095 2260 sed
1114 2225 1245 2261 modus
1264 2225 1438 2262 adhiben-

174 2293 243 2330 dus
265 2285 332 2337 esf,
352 2291 529 2341 quoniam
551 2303 626 2327 uno
649 2291 718 2327 hoc
741 2288 931 2325 volumine
954 2288 1077 2324 vitam
1099 2288 1364 2326 excellentium
1386 2289 1439 2326 vi-

174 2370 300 2395 rorum
319 2355 569 2405 complurium
588 2351 805 2390 concludere
825 2352 1097 2395 constituimus,
1118 2365 1277 2401 quorum
1295 2365 1438 2402 separa-

175 2421 245 2457 tim
268 2419 400 2456 multis
426 2418 594 2455 millibus
615 2430 792 2454 versuum
815 2416 1023 2465 complures
1045 2415 1238 2465 scriptores
1260 2421 1348 2452 ante
1375 2427 1441 2452 nos

178 2485 422 2534 explicarunt.
