1575 2771
130 190 169 232 2,
191 185 250 240 3.]
554 198 622 224 xv.
657 196 968 223 EPAMINONDAS.
1340 187 1392 223 (39

129 288 227 331 serit,
248 300 362 336 quam
381 286 420 323 in
439 286 615 324 doctrinis
635 292 740 323 tanto
763 284 962 323 antecessit
983 283 1259 333 condiscipulos,
1281 291 1324 321 ut
1341 286 1393 322 fa-

129 351 198 388 cile
216 350 374 398 intelligi
393 356 524 399 posset,
544 350 625 400 pari
646 350 755 386 modo
779 355 1042 398 superaturum
1060 360 1188 384 omnes
1206 347 1245 396 in
1263 349 1393 385 ceteris

128 414 281 451 artibus.
331 416 366 450 3.
391 415 518 462 Atque
533 414 612 450 haec
629 412 677 450 ad
691 419 857 450 nostram
873 412 1178 449 consuetudinem
1192 417 1280 448 sunt
1294 411 1393 448 levia

127 483 165 514 et
186 477 309 526 potius
337 477 632 521 contemnenda3
663 482 703 513 at
730 476 770 513 in
798 475 948 512 Graecia
975 475 1104 524 utique
1127 474 1217 511 olim
1243 487 1392 522 magnae

126 538 230 577 laudi
258 546 376 577 erant.
431 543 468 576 4.
499 540 705 588 Postquam
732 539 899 588 ephebus
926 538 1048 575 factus
1071 544 1127 575 est
1152 543 1190 575 et
1211 538 1392 587 palaestrae

126 603 216 640 dare
243 616 394 652 operam
421 602 541 651 coepit,
565 615 640 639 non
668 608 750 639 tam
777 601 1030 650 magnitudini
1057 601 1198 638 virium
1226 600 1390 644 servivit,

126 680 242 715 quam
257 665 459 703 velocitati.
517 665 632 702 Illam
652 665 752 702 enim
773 666 820 702 ad
836 666 1067 702 athletarum
1086 678 1208 708 usum,
1223 665 1323 701 hanc
1343 663 1390 702 ad

125 729 214 770 belli
232 729 474 766 existimabat
496 729 703 766 utilitatem
725 729 920 778 pertinere.
979 731 1013 765 5.
1045 729 1180 778 Itaque
1199 727 1390 765 exerceba-

126 800 189 830 tur
215 793 421 843 plurimum
449 793 628 829 currendo
656 800 694 830 et
722 791 899 830 luctando
927 791 975 829 ad
1002 805 1090 829 eum
1116 792 1242 835 finem,
1270 789 1391 840 quoad

125 863 228 894 stans
246 856 442 906 complecti
456 863 577 905 posset
597 862 710 905 atque
730 855 951 894 contendere
967 869 975 901 余
1000 856 1040 893 in
1056 856 1170 892 armis
1182 856 1391 905 plurimum

125 920 238 958 studii
255 920 509 958 consumebat.

559 1103 801 1140 CAPUT
848 1102 953 1140 III.

181 1182 214 1215 1.
244 1179 309 1216 Ar>
330 1179 430 1216 hanc
452 1178 610 1228 corporis
632 1178 855 1217 firmitatem
876 1179 986 1228 plura
1014 1177 1131 1215 ctiam
1154 1177 1272 1214 animi
1292 1178 1391 1215 bona

126 1248 368 1280 accesserant.
425 1242 524 1279 Erat
543 1242 644 1279 enim
662 1242 862 1286 modestus,
879 1242 1049 1292 prudens,
1067 1241 1201 1290 gravis,
1219 1241 1391 1291 tempori-

127 1307 193 1343 bus
215 1306 401 1355 sapienter
424 1312 542 1349 utens,
566 1306 706 1355 peritus
728 1305 827 1349 belli,
849 1306 951 1343 fortis
973 1319 1101 1349 manu,
1124 1305 1249 1342 animo
1272 1306 1390 1343 maxi-

124 1384 210 1417 mo余
241 1370 332 1409 adeo
355 1371 525 1408 veritatis
548 1370 714 1419 diligens,
738 1377 782 1408 ut
809 1384 856 1408 ne
873 1371 957 1420 joco
980 1370 1130 1419 quidem
1152 1369 1388 1407 mentiretur.
1425 1362 1429 1364 l

127 1438 162 1472 2.
192 1434 302 1473 Idem
324 1435 527 1479 continens,
549 1436 711 1472 clemens
729 1435 947 1484 patiensque
971 1433 1235 1471 admirandum
1257 1434 1297 1470 in
1314 1447 1390 1470 mo-

128 1497 226 1543 dum,
243 1512 318 1536 non
336 1499 457 1536 solum
474 1499 611 1549 populi,
629 1497 693 1536 sed
711 1499 828 1535 etiam
848 1499 1055 1535 amicorum
1073 1498 1192 1535 serens
1209 1498 1366 1546 injurias
1381 1510 1389 1542 3

128 1563 380 1612 imprimisque
395 1563 593 1599 commissa
611 1563 746 1605 celans,
764 1563 861 1611 quod
877 1562 1065 1598 interdum
1084 1575 1158 1598 non
1172 1562 1298 1598 minus
1312 1575 1391 1611 pro-

131 1626 217 1668 dest,
238 1639 354 1674 quam
372 1626 506 1662 diserte
524 1624 644 1662 dicere
661 1638 668 1669 余
699 1624 885 1661 studiosus
905 1623 1081 1662 audiendi
1100 1637 1107 1661 :
1137 1638 1183 1661 ex
1202 1625 1271 1661 hoc
1291 1625 1390 1661 enim

129 1689 302 1726 facillime
330 1688 420 1725 disci
449 1687 714 1732 arbitrabatur.
772 1690 807 1724 3.
839 1688 975 1736 Itaque
1003 1702 1120 1736 quum
1146 1688 1186 1724 in
1208 1688 1391 1724 circulum

126 1753 297 1797 venisset,
314 1753 353 1789 in
368 1766 440 1801 quo
457 1758 525 1789 aut
545 1751 589 1789 de
605 1751 796 1801 republica
811 1750 1074 1801 disputaretur,
1093 1758 1160 1788 aut
1177 1752 1221 1788 de
1235 1752 1391 1800 philoso-

125 1817 216 1866 phia
238 1830 356 1853 sermo
379 1815 590 1859 haberetur,
613 1828 823 1864 numquam
846 1813 931 1851 inde
953 1815 1055 1864 prius
1077 1815 1252 1858 discessit,
1277 1828 1391 1863 quam

126 1879 174 1918 ad
192 1880 307 1917 finem
327 1893 446 1916 sermo
465 1885 560 1916 esset
576 1879 769 1916 adductus.
826 1882 863 1914 4.
889 1879 1161 1928 Paupertatem
1178 1877 1269 1914 adeo
1284 1878 1392 1915 facile

125 1957 316 1994 perpessus
338 1950 404 1988 est,
428 1950 472 1981 ut
494 1942 540 1980 de
562 1943 752 1993 republica
774 1943 869 1980 nihil
896 1949 1029 1992 praeter
1053 1943 1212 1991 gloriam
1240 1943 1389 1992 ceperit.

126 2008 346 2045 Amicorum
361 2007 401 2044 in
419 2021 456 2045 se
472 2006 609 2044 tuendo
625 2007 747 2044 caruit
761 2006 1004 2044 facultatibus
1020 2019 1027 2051 余
1052 2005 1125 2043 fide
1141 2005 1190 2044 ad
1205 2007 1296 2044 alios
1310 2008 1391 2044 sub-

127 2071 302 2108 levandos
323 2084 418 2121 saepe
440 2070 491 2108 sic
514 2084 603 2108 usus
625 2077 692 2114 est,
713 2077 756 2107 ut
779 2070 892 2120 possit
909 2069 1081 2119 judicari,
1102 2071 1230 2106 omnia
1251 2070 1285 2107 ei
1304 2084 1392 2107 cum

123 2131 257 2170 amicis
272 2130 387 2169 fuisse
403 2129 636 2167 communia.
680 2130 716 2165 5.
735 2128 842 2165 Nam
859 2140 978 2176 quum
996 2133 1063 2163 aut
1078 2126 1224 2163 civium
1241 2139 1393 2163 suorum

123 2194 259 2244 aliquis
275 2195 325 2232 ab
339 2193 511 2231 hostibus
522 2199 619 2230 esset
635 2198 783 2242 captus,
799 2198 866 2228 aut
880 2191 987 2239 virgo
1006 2190 1118 2227 amici
1135 2189 1274 2226 nubilis
1288 2201 1392 2236 prop-

125 2261 181 2297 te'r
202 2264 468 2308 paupertatem
496 2256 671 2294 collocari
694 2269 769 2293 non
791 2262 925 2304 posset,
950 2255 1160 2291 amicorum
1189 2251 1393 2289 aemilium

125 2323 306 2365 habebat,
327 2327 378 2364 et,
399 2327 586 2369 quantum
605 2319 762 2368 quisque
782 2319 900 2361 daret,
924 2331 988 2366 pro
1007 2316 1254 2354 facultatibus
1275 2314 1392 2363 impe-

126 2387 244 2431 rabat.
305 2387 340 2422 6.
366 2385 543 2433 Eamque
563 2395 756 2420 summam
777 2394 895 2431 quum
919 2380 1074 2423 fecerat,
1091 2379 1314 2428 priusquam
1335 2391 1393 2414 ac-

126 2451 265 2501 ciperet
284 2449 496 2500 pecuniam,
515 2447 723 2486 adducebat
742 2458 843 2489 cum,
862 2444 925 2494 qui
948 2444 1152 2494 quaerebat,
1170 2442 1219 2480 ad
1240 2455 1312 2486 eos,
1327 2441 1391 2491 qui
