1575 2771
450 541 594 599 XII.
668 540 1167 597 OHABRIAS.

653 760 894 797 CAPUT
933 759 965 796 I.

233 838 264 870 l.
291 833 499 876 CHABRIAS‚
514 833 765 870 Atheniensis.
817 833 893 870 Hie
909 846 1050 882 quoque
1065 833 1105 868 in
1119 832 1275 869 summis
1290 832 1442 869 habitus

175 904 230 934 est
245 896 402 934 ducibus
416 910 545 946 resque
559 897 701 933 multas
714 896 896 933 memoria
910 896 1040 944 dignas
1054 895 1176 943 gessit.
1235 895 1308 931 Sed
1323 908 1370 931 ex
1384 895 1443 931 his

175 960 297 997 elucet
321 961 487 997 maxime
509 961 708 997 inventum
731 961 810 1008 ejus
833 960 873 997 in
895 960 1032 1009 proeli0‚
1054 959 1152 1008 quod
1171 959 1271 1008 apud
1290 958 1443 995 Thebas

175 1024 272 1067 fecit,
303 1038 419 1073 quum
446 1024 599 1060 Boeotiis
629 1022 791 1060 subsidio
821 1023 993 1060 venisset.
1055 1025 1089 1058 2.
1120 1022 1300 1070 Namque
1328 1021 1442 1058 vieto·

176 1087 232 1124 ria
250 1086 388 1124 fidente
408 1101 553 1124 summo
573 1087 665 1124 duee
686 1087 872 1135 Agesilao,
894 1086 1033 1134 fugatis
1048 1086 1131 1134 jam
1153 1084 1200 1121 ab
1220 1099 1261 1121 eo
1287 1085 1442 1121 conduc-

176 1150 270 1187 titiis
289 1151 460 1194 catervis,
478 1151 661 1199 reliquam
680 1151 909 1199 phalangem
928 1150 1006 1186 loeo
1022 1149 1144 1185 vetuit
1163 1149 1300 1192 cedere,
1317 1148 1443 1185 obnix-

176 1227 269 1262 oque
295 1227 394 1262 genu
422 1220 536 1257 scuto,
557 1214 721 1263 projecta
743 1214 853 1250 hasta
876 1213 1061 1262 impetum
1088 1212 1255 1261 excipere
1277 1212 1444 1248 hostium

176 1276 313 1326 docuit.
366 1275 408 1314 Id
427 1291 568 1314 novum
582 1278 779 1326 Agesilaus
794 1283 974 1314 contuens
988 1277 1156 1326 progredi
1170 1290 1243 1312 non
1258 1282 1313 1313 est
1332 1289 1445 1313 ausus

177 1355 331 1389 suosque
349 1341 433 1389 jam
455 1342 684 1378 incurrentes
706 1342 800 1378 tuba
821 1341 1023 1378 revocavit.
1091 1342 1126 1376 3.
1157 1340 1241 1377 Hoc
1263 1354 1380 1389 usque
1403 1353 1444 1376 eo

177 1411 259 1441 tota
278 1405 427 1441 Graecia
446 1404 549 1441 fama
568 1405 798 1441 celebratum
817 1411 882 1448 est,
903 1410 948 1441 ut
966 1404 1029 1440 illo
1049 1410 1152 1440 statu
1170 1403 1357 1441 Chabrias
1375 1404 1445 1441 sibi

177 1475 345 1505 statuam
360 1468 439 1505 fieri
454 1469 623 1511 voluerit,
641 1482 722 1517 quae
737 1468 884 1517 publice
900 1467 933 1504 ei
949 1468 996 1504 ab
1009 1465 1302 1504 Atheniensibus
1317 1467 1355 1504 in
1370 1467 1444 1504 soro

177 1532 384 1568 constituta
402 1538 468 1568 est.
527 1532 591 1568 Ex
604 1545 675 1581 quo
691 1531 835 1568 sactum
854 1538 919 1574 est,
936 1538 980 1568 ut
998 1537 1128 1580 postea
1147 1531 1300 1567 athletae
1319 1531 1444 1568 ceteri-

177 1609 249 1644 que
269 1595 428 1632 artifiees
442 1596 501 1632 his
519 1595 680 1632 statibus
699 1596 738 1632 in
757 1595 891 1632 statuis
905 1595 1082 1644 ponendis
1096 1601 1298 1638 uterentur,
1313 1595 1445 1644 quibus

177 1659 376 1695 victoriam
395 1665 516 1696 essent
537 1659 674 1708 adepti.

639 1841 880 1878 CAPUT
919 1841 985 1877 II.

238 1920 267 1953 1.
299 1917 497 1953 CHABRLAS
518 1921 647 1952 autem
665 1916 789 1952 multa
808 1916 847 1952 in
862 1916 1017 1964 Europa
1036 1914 1136 1952 bella
1155 1916 1443 1960 administravit,

178 1994 294 2029 quum
310 1980 387 2016 dux
402 1979 692 2016 Atheniensium
707 1985 800 2015 esset
813 1991 820 2023 ;
846 1979 886 2015 in
901 1979 1069 2028 [Egypto
1089 1993 1157 2017 sua
1172 1986 1299 2028 sponte
1318 1981 1441 2028 gessit.

180 2044 285 2080 Nam
309 2042 551 2079 Nectanabin
580 2043 754 2091 adjutum
777 2042 971 2091 profectus
996 2056 1154 2091 regnum
1183 2043 1216 2079 ei
1239 2044 1444 2081 constituit.

180 2110 213 2143 2.
240 2107 349 2144 Fecit
368 2107 468 2144 idem
489 2107 616 2156 Cypri,
638 2107 700 2143 sed
719 2105 866 2156 publice
887 2107 934 2143 ab
951 2106 1243 2143 Atheniensibus
1262 2107 1446 2155 Evagorae

177 2171 324 2219 adjutor
336 2172 447 2208 datus
459 2183 466 2215 ;
491 2184 610 2220 neque
622 2171 724 2219 prius
739 2171 823 2207 inde
836 2168 1009 2213 discessit,
1024 2183 1139 2219 quarn
1152 2176 1272 2207 totam
1284 2170 1448 2207 insulam

177 2235 272 2271 bello
299 2235 533 2271 devinceret:
571 2247 646 2282 qua
673 2247 719 2270 ex
747 2247 784 2270 re
808 2233 1056 2270 Athenienses
1083 2247 1263 2281 magnam
1290 2233 1447 2282 gloriam

176 2305 264 2335 sunt
294 2298 429 2347 adepti.
499 2300 533 2334 3.
565 2297 725 2334 Interim
746 2298 888 2334 bellum
910 2297 1006 2333 inter
1025 2297 1228 2346 [Egyptios
1255 2302 1293 2333 et
1315 2297 1447 2334 Persas

176 2362 383 2399 conflatum
399 2368 464 2398 est.
513 2361 762 2398 Athenienses
778 2374 865 2397 cum
878 2362 1090 2397 Artaxerxe
1105 2361 1320 2397 societatem
1336 2361 1446 2398 habe-

176 2426 269 2463 bant
285 2439 292 2471 ;
318 2425 597 2463 Lacedaemonii
612 2438 700 2462 eum
715 2425 920 2474 JEgyptiis,
938 2438 961 2461 a
976 2424 1109 2474 quibus
1128 2437 1287 2472 magnas
1304 2424 1446 2473 praedas

180 2490 388 2537 Agesilaus,
410 2503 475 2526 rex
494 2502 633 2532 eorum,
655 2488 827 2526 faciebat.
885 2488 932 2525 Id
951 2488 1101 2525 intuens
1117 2487 1314 2530 Chabrias,
1331 2500 1446 2536 quum
