1575 2771
111 202 150 248 7,
170 201 231 256 8.]
531 215 600 241 xv.
633 214 942 240 EPAMrnonnAs.
1319 206 1374 241 73

108 301 342 351 abrogatum,
360 308 472 351 atque
487 302 527 339 in
541 315 671 339 eorum
685 303 808 339 locum
825 303 889 340 alii
903 309 1076 352 praetores
1091 304 1349 340 successissent
1363 319 1370 350 ;

107 365 391 414 Epaminondas
418 366 636 414 populiscito
668 380 742 403 non
769 367 906 415 paruit,
936 365 1108 414 idemque
1136 372 1180 402 ut
1198 366 1372 404 ‘facerent

107 429 290 478 persuasit
308 429 467 477 collegis,
489 436 526 465 et
545 429 696 472 bellum,
714 429 811 478 quod
830 437 1051 478 susceperat,
1072 429 1194 477 gessit.
1252 430 1372 466 Nam-

105 505 177 540 que
200 490 538 535 animadvertebat,
563 492 633 528 nisi
655 491 694 528 id
716 493 870 535 fecisset,
895 498 1019 529 totum
1042 492 1248 528 exercitum
1269 506 1372 542 prop-

105 561 163 591 ter
181 560 383 603 praetorum
401 554 696 603 imprudentiam
718 555 1025 604 inscientiamque
1044 555 1132 592 belli
1150 555 1368 604 periturum.

106 620 141 654 5.
167 618 253 654 Lex
275 625 356 655 erat
375 618 526 661 Thebis,
548 631 629 666 quae
652 625 772 655 morte
794 618 996 661 multabat,
1018 619 1047 655 si
1067 618 1149 667 quis
1171 619 1371 668 imperium

104 681 244 718 diutius
258 681 480 724 retinuisset,
494 694 609 730 quam
623 682 704 730 lege
719 682 945 730 praefinitum
961 682 1063 719 soret.
1103 683 1216 719 Hanc
1232 683 1371 731 Epam-

104 743 259 781 inondas
281 757 399 793 quum
421 744 630 793 reipubljcae
653 746 913 782 conservandae
938 759 1051 782 causa
1073 746 1194 782 latam
1217 745 1370 789 videret,

105 805 154 844 ad
173 807 374 856 perniciem
397 807 561 844 civitatis
584 808 745 845 conferre
768 809 910 853 noluit3
941 815 979 845 et
1001 815 1162 857 quatuor
1183 808 1372 845 mensibus

104 869 256 915 diutius,
277 884 393 919 quam
410 871 569 920 populus
582 871 754 919 jusserat,
776 872 887 919 gessit
906 872 1117 921 imperium.

529 1052 771 1088 CAPUT
808 1052 948 1089 VIII.

166 1133 195 1166 1.
220 1129 430 1171 POSTQUAM
449 1127 602 1163 domum
620 1125 784 1163 reditum
798 1133 863 1170 est,
878 1127 1026 1174 collegae
1042 1126 1121 1174 ejus
1135 1126 1205 1163 hoc
1220 1126 1375 1163 crimine

107 1191 392 1230 accusabantur.
449 1190 595 1236 Quibus
614 1191 675 1227 ine
690 1190 868 1240 permisit,
885 1197 928 1227 ut
943 1203 1094 1226 omnem
1109 1203 1265 1226 causam
1279 1189 1318 1226 in
1337 1203 1375 1226 se

107 1256 350 1293 transferrent
378 1268 517 1303 suaque
540 1267 651 1303 opera
673 1254 818 1290 factum
840 1252 1117 1295 contenderent,
1142 1260 1186 1290 ut
1207 1253 1280 1301 legi
1301 1266 1376 1289 non

106 1318 308 1357 obedirent.
383 1318 471 1363 Qua
507 1317 715 1354 defensione
752 1318 825 1354 illis
861 1317 1022 1366 periculo
1059 1317 1235 1360 liberatis,
1266 1330 1375 1353 nemo

107 1380 414 1432 Epaminondam
433 1394 694 1429 responsurum
712 1380 884 1429 putabat,
902 1379 1008 1428 quod,
1026 1380 1115 1428 quid
1134 1379 1282 1422 diceret,
1303 1393 1375 1416 non

106 1445 274 1482 haberet.
332 1447 367 1480 2.
392 1445 447 1480 At
466 1444 528 1480 ille
544 1444 583 1479 in
597 1442 784 1491 judicium
798 1444 924 1487 venit;¹
949 1444 1043 1480 nihil
1063 1457 1191 1480 eorum
1211 1443 1375 1491 negavit,

107 1522 188 1557 quae
213 1507 414 1544 adversarii
433 1506 579 1543 crimini
599 1505 752 1549 dabant,
773 1506 981 1555 omniaque,
1003 1520 1084 1555 quae
1107 1507 1256 1554 collegae
1279 1505 1376 1542 dixe-

108 1578 205 1615 rant,
227 1571 410 1608 confessus
432 1576 498 1613 est,
520 1583 638 1618 neque
660 1570 857 1612 recusavit,
879 1584 949 1617 quo
972 1569 1096 1606 minus
1118 1570 1210 1617 legis
1229 1581 1377 1618 poenam

108 1634 272 1678 subiret3
302 1632 366 1670 sed
385 1646 503 1669 unum
523 1634 570 1669 ab
589 1633 632 1668 iis
651 1633 797 1681 petivit,
818 1640 862 1669 ut
881 1633 920 1668 in
939 1633 1100 1681 periculo
1123 1646 1186 1668 suo
1206 1631 1377 1668 inscribe-

108 1703 212 1734 rent:
255 1698 290 1733 3.
306 1695 608 1744 Epaminondas
620 1708 646 1731 a
664 1694 856 1731 Thebanis
870 1701 988 1731 morte
1000 1695 1189 1731 multatus
1201 1702 1262 1738 est,
1277 1695 1379 1743 quod

109 1772 165 1798 eos
184 1759 308 1807 coegit
325 1759 436 1807 apud
452 1758 622 1795 Leuctra
640 1770 820 1806 superare
837 1758 1158 1802 Laceda’monios,
1179 1771 1271 1807 quos
1288 1765 1379 1796 ante

109 1835 144 1860 se
171 1823 444 1871 imperatorem
471 1833 580 1857 nemo
601 1821 842 1858 Boeotiormn
869 1833 988 1857 ausus
1004 1821 1097 1870 ficit
1119 1822 1313 1869 adspicere
1334 1822 1379 1859 in

108 1886 191 1923 acie
197 1898 215 1929 ,·
261 1888 297 1921 4.
321 1885 508 1933 Quodque
519 1896 597 1920 uno
606 1883 743 1932 pra’lio
757 1896 836 1920 non
849 1883 972 1920 solum
992 1884 1142 1921 Thebas
1153 1884 1200 1921 ab
1214 1885 1380 1922 interitu

110 1949 283 1992 retraxit,
300 1948 363 1985 sed
377 1948 496 1984 etiam
511 1947 738 1983 universam
757 1946 951 1983 Graeeiarn
965 1947 1012 1983 in
1026 1946 1238 1984 libertatem
1252 1948 1380 1985 vindi-

110 2013 223 2056 cavit,
241 2024 355 2060 eoque
371 2023 428 2048 res
443 2017 697 2058 utrorumque
709 2010 907 2058 perduxit,
923 2016 969 2047 ut
993 2010 1172 2047 Thebani
1192 2011 1380 2060 Spartam

111 2080 391 2125 oppugnarent,
414 2073 702 2110 Lacedaemonii
721 2072 814 2109 satis
832 2073 1020 2116 haberent,
1041 2073 1075 2109 si
1093 2073 1192 2110 salvi
1211 2086 1282 2110 esse
1298 2086 1381 2122 pos-

113 2144 196 2176 sent
206 2151 223 2182 ,·
279 2140 315 2173 5.
338 2138 474 2185 Neque
486 2136 602 2184 prius
617 2135 752 2172 bellare
766 2136 923 2180 destitit,
937 2149 1068 2185 quam,
1084 2136 1260 2173 DIessena
1278 2137 1380 2173 resti-

114 2207 212 2244 tuta,
231 2200 364 2237 urbem
385 2212 516 2236 eormn
541 2199 731 2235 obsidione
753 2199 903 2236 clausit.
959 2200 1054 2236 Haec
1077 2213 1193 2248 quurn
1217 2199 1379 2242 dixisset,

115 2263 210 2300 risus
231 2262 399 2298 omnium
422 2275 509 2298 cum
530 2262 723 2297 hilaritate
750 2268 897 2298 coortus
924 2268 979 2298 est
998 2274 1005 2298 t
1043 2275 1162 2310 neque
1185 2263 1381 2309 quisquam

117 2324 236 2374 judex
251 2338 364 2361 ausus
383 2330 438 2360 est
453 2323 498 2360 de
513 2337 554 2360 eo
570 2324 663 2361 ferre
683 2324 915 2372 suffragium.
975 2324 1037 2361 Sic
1053 2337 1076 2361 a
1089 2323 1230 2372 judicio
1249 2323 1382 2373 capitis

117 2388 287 2427 maxima
305 2387 470 2425 discessit
489 2387 617 2435 gloria.
