1575 2771
136 217 176 261 8,
198 219 258 270 9.]
575 228 695 254 xxm.
728 227 960 254 HANNmAr„
1328 218 1406 255 113

557 433 798 471 CAPUT
837 432 986 469 VIII.

193 513 225 546 1.
247 511 310 547 AT
329 508 528 546 Hannibal
548 523 645 546 anno
668 508 777 545 tertio
796 514 889 557 post,
911 521 1026 556 quam
1049 505 1156 544 domo
1179 506 1404 556 profugerat,

142 573 184 610 L.
199 573 380 617 Cornelio,
392 573 534 619 Quinto
545 572 726 616 Minucio,
737 570 960 615 consulibus,
972 585 1059 608 cum
1072 571 1234 620 quinque
1245 570 1408 608 navibus

136 637 310 675 Africam
329 637 482 674 accessit
501 637 541 673 in
559 635 697 673 finibus
714 635 989 685 Cyrenaeorum,
1008 634 1037 671 si
1056 634 1150 671 forte
1168 634 1408 683 Carthagini-

135 714 240 738 enses
260 699 308 737 ad
322 700 465 737 bellum
480 699 661 737 Antiochi
677 713 740 749 spe
759 698 971 748 fiduciaque
991 697 1164 735 inducere
1179 704 1300 748 posset
1317 711 1323 736 :
1349 698 1409 735 cui

143 760 230 809 jam
250 767 500 810 persuaserat,
517 767 560 798 ut
579 774 668 797 cum
689 760 916 798 exercitibus
933 760 973 796 in
989 759 1147 796 Italiam
1162 757 1410 807 proficiscere-

140 830 212 862 tur.
255 827 291 862 2.
307 826 393 862 Huc
407 827 614 874 Magonem
628 824 783 862 fratrem
802 825 953 862 excivit.
993 825 1040 862 Id
1052 823 1117 861 ubi
1131 823 1238 860 Poeni
1251 823 1410 860 rescive-

139 895 238 932 runt,
257 889 463 938 Magonem
485 889 629 932 eadem,
648 903 725 937 qua
741 888 906 932 fratrem,
925 889 1122 925 absentem
1143 900 1255 936 poena
1276 887 1408 924 affece-

139 956 241 987 runt.
298 950 362 987 Illi
385 950 587 999 desperatis
615 949 724 986 rebus
752 963 871 998 quum
894 949 1088 985 solvissent
1115 961 1232 985 naves
1261 961 1305 985 ac
1328 948 1415 984 vela.

140 1013 263 1050 ventis
282 1012 477 1057 dedissent,
495 1013 691 1049 Hannibal
712 1013 759 1048 ad
774 1012 1007 1048 Antiochum
1023 1011 1203 1060 pervenit.
1253 1011 1313 1047 Dc
1329 1011 1415 1047 Ma-

139 1077 244 1125 gonis
263 1077 419 1113 interitu
434 1075 573 1125 duplex
591 1075 773 1112 memoria
791 1075 939 1124 prodita
958 1081 1013 1111 est
1030 1087 1037 1119 3
1062 1087 1227 1124 namque
1244 1074 1308 1111 alii
1323 1087 1415 1110 nau-

140 1140 268 1189 fragio,
292 1140 356 1177 alii
380 1154 402 1177 a
425 1140 581 1177 servulis
603 1140 719 1189 ipsius
742 1139 983 1176 interfectum
1006 1152 1105 1182 eum,
1128 1138 1311 1188 scriptum
1333 1138 1415 1174 reli-

141 1211 314 1254 querunt.
371 1206 407 1241 3.
438 1204 652 1241 Antiochus
676 1209 816 1247 autem,
842 1203 872 1239 si
894 1209 977 1239 tam
1000 1203 1039 1239 in
1063 1201 1205 1251 agendo
1227 1203 1324 1239 bello
1352 1215 1416 1252 pa-

141 1279 221 1302 rere
240 1265 418 1302 voluisset
441 1265 601 1302 consiliis
624 1265 714 1313 ejus,
737 1277 852 1313 quam
876 1264 915 1300 in
937 1262 1168 1313 suscipiendo
1188 1263 1411 1307 instituerat,

138 1329 289 1379 propius
303 1328 444 1373 Tiberi,
459 1342 575 1378 quam
588 1329 850 1378 Thermopylis
862 1327 907 1365 de
923 1342 1074 1365 summa
1085 1328 1231 1378 imperii
1244 1326 1416 1364 dimicas-

142 1399 208 1430 set.
265 1393 392 1439 Quem
413 1393 480 1430 etsi
511 1393 638 1429 multa
661 1393 776 1429 stulte
805 1392 931 1429 conari
960 1391 1125 1435 videbat,
1151 1398 1283 1428 tamen
1309 1392 1416 1429 nulla

142 1456 304 1495 deseruit
331 1458 371 1495 in
398 1471 448 1495 re.
504 1460 541 1494 4.
572 1457 732 1494 Praesuit
760 1457 890 1507 paucis
918 1455 1089 1500 navibus,
1115 1469 1208 1505 quas
1236 1469 1283 1493 ex
1307 1455 1412 1505 Syria

145 1522 271 1570 jussus
299 1528 380 1559 erat
408 1522 448 1558 in
476 1521 611 1558 Asiam
639 1519 784 1564 ducere,
809 1521 940 1570 hisque
970 1519 1148 1557 adversus
1176 1518 1413 1557 Rhodiorum

143 1586 302 1622 classem
323 1585 363 1622 in
385 1585 612 1634 Pamphylio
635 1585 732 1621 mari
756 1585 936 1621 conflixit.
994 1584 1080 1629 Quo
1103 1597 1222 1633 quum
1244 1583 1404 1621 multitu

144 1647 229 1686 dine
245 1647 543 1685 adversariorum
559 1649 616 1685 sui
633 1654 907 1697 superarentur,
922 1647 1009 1697 ipse,
1027 1661 1098 1696 quo
1115 1661 1230 1684 cornu
1246 1660 1325 1683 rem
1339 1660 1402 1695 ges

144 1713 204 1757 sit,
223 1712 297 1750 fuit
317 1712 491 1762 superior.

598 1896 630 1933 C
648 1897 684 1933 A
700 1897 732 1933 P
749 1896 787 1933 U
805 1897 840 1932 T
879 1897 899 1933 I
912 1896 964 1933 X.

203 1974 234 2007 1.
265 1971 472 2007 ANTIOCHO
496 1970 638 2018 fugato,
660 1983 801 2013 verens,
826 1983 873 2006 110
896 1968 1102 2014 dederetur,
1128 1968 1227 2019 quod
1249 1970 1328 2007 sinc
1352 1971 1403 2006 du

145 2033 204 2071 bio
227 2032 432 2077 accidisset,
458 2034 488 2070 si
516 2034 573 2070 sui
596 2033 740 2071 fecisset
763 2040 1001 2083 potestatem,
1028 2034 1186 2071 Cretam
1210 2033 1259 2071 ad
1283 2034 1404 2083 Gorty

143 2098 223 2136 nios
245 2099 359 2142 venit,
385 2104 428 2135 ut
455 2097 517 2142 ibi,
543 2112 614 2148 quo
644 2112 680 2135 sc
710 2098 902 2141 conferret,
928 2098 1187 2136 consideraret.
1246 2101 1281 2135 2.
1312 2097 1417 2135 Vidit

146 2168 276 2199 autem
291 2162 348 2199 vir
367 2162 537 2199 omnium
557 2161 828 2206 callidissimus,
846 2176 983 2210 magno
1004 2175 1041 2199 se
1061 2162 1135 2199 fore
1155 2162 1328 2212 periculo,
1346 2162 1414 2198 nisi

146 2226 235 2275 quid
257 2224 486 2275 providisset,
511 2232 659 2275 propter
689 2226 894 2262 avaritiam
918 2226 1168 2262 Cretensium.
1227 2226 1416 2272 Magnam

147 2289 248 2325 enim
264 2303 389 2326 secum
404 2290 603 2338 pecuniam
619 2288 804 2338 portabat,
823 2288 866 2325 de
883 2302 957 2337 qua
972 2289 1112 2325 sciebat
1127 2289 1242 2325 exisse
1259 2289 1414 2324 firmam.

148 2356 183 2389 3.
211 2353 346 2402 Itaque
370 2353 470 2402 capit
495 2354 570 2389 talc
590 2353 796 2389 consilium.
854 2354 1069 2402 Amphor-as
1089 2354 1296 2402 complures
1319 2366 1415 2389 coru-

146 2417 224 2467 plet
239 2417 404 2466 plumbo,
421 2429 588 2453 summas
603 2416 721 2465 operit
742 2430 831 2452 auro
846 2422 883 2453 ct
899 2423 1062 2464 argento.
1120 2416 1214 2459 Has,
1231 2416 1415 2465 praesenti·

150 2482 216 2519 bus
234 2480 472 2531 principibus,
495 2480 644 2530 deponit
668 2480 705 2516 in
730 2481 869 2530 templo
890 2480 1034 2524 Dianae,
1057 2480 1248 2524 sin'iulans,
1270 2494 1307 2517 se
1329 2493 1416 2518 suas
