1575 2771
125 186 162 231 4,
182 183 242 239 5.]
645 193 688 219 IX
721 196 872 222 CONON.
1327 186 1380 222 43

575 400 815 437 CAPUT
855 400 936 437 IV.

179 478 192 511 1
233 474 378 519 QUIBUS
397 474 562 522 cognitis,
580 488 645 511 rex
660 481 810 511 tantum
830 474 1054 510 auctoritate
1074 473 1154 521 ejus
1172 479 1296 510 motus
1315 480 1381 516 est,

121 544 165 575 ut
197 544 236 575 ct
263 538 553 587 Tissaphernem
580 538 725 574 hostem
748 536 986 585 judicaverit,
1016 544 1054 574 et
1081 535 1384 574 Lacedaemonios

120 601 216 638 bello
237 601 406 650 persequi
423 601 585 649 jusserit,
608 607 641 637 et
667 601 701 637 ei
722 600 940 649 permiserit,
966 614 1078 649 quem
1100 601 1224 644 vellet,
1249 597 1384 648 eligere

121 663 169 701 ad
197 662 484 713 dispensandam
510 676 721 712 pecuniam.
777 662 825 700 Id
853 662 1054 700 arbitrium
1079 664 1209 700 Conon
1231 663 1384 711 negavit

120 727 177 764 sui
203 741 280 764 esse
308 727 458 770 consilii,
483 725 547 763 sed
573 727 696 776 ipsius,
721 727 786 775 qui
813 727 953 776 optime
976 741 1059 764 suos
1080 741 1185 764 nosse
1208 726 1382 772 deberet3

120 788 183 827 sed
201 804 238 827 se
257 789 422 833 suadere,
443 789 691 827 Pharnabazo
710 789 748 826 id
766 791 905 838 negotii
924 789 1041 827 daret.
1099 793 1134 827 2.
1160 791 1262 827 Hinc
1282 804 1385 838 mag·

121 853 176 891 nis
203 853 419 890 muneribus
447 852 606 890 donatus
634 852 682 890 ad
709 867 813 890 mare
830 861 896 896 ,est
924 854 1067 898 missus,
1092 860 1136 890 ut
1165 854 1322 903 Cypriis,
1346 860 1384 890 et

121 917 369 960 Phoem'cibus,
400 917 601 965 ceterisque
628 917 829 953 maritimis
862 917 1079 954 civitatibus
1111 930 1226 953 naves
1252 917 1383 965 longas

120 980 331 1029 imperaret,
353 980 590 1028 classemque,
613 993 688 1027 qua
709 979 880 1028 proxima
901 985 1032 1016 aestate
1059 993 1164 1016 mare
1187 980 1284 1016 tueri
1306 993 1384 1028 pos-

123 1049 188 1086 set,
209 1049 443 1091 compararet
460 1055 466 1079 :
496 1041 584 1078 dato
604 1040 772 1090 adjutore
791 1041 1050 1086 Pharnabazo,
1071 1042 1168 1079 sicut
1186 1042 1263 1091 ipse
1282 1043 1384 1079 volu-

121 1112 212 1143 erat.
269 1107 304 1142 3.
336 1103 384 1142 Id
401 1111 445 1142 ut
464 1103 759 1141 Lacedaemoniis
778 1111 833 1142 est
852 1105 1082 1149 nuntiatum,
1103 1119 1177 1142 non
1197 1106 1273 1142 sine
1293 1120 1385 1143 cura

121 1182 199 1207 rem
222 1167 544 1212 administrarunt,
569 1167 667 1217 quod
688 1169 812 1216 majus
838 1169 981 1205 bellum
1007 1169 1203 1206 irrnninere
1228 1169 1382 1206 arnitra-

121 1233 268 1276 bantur,
292 1246 407 1281 quam
435 1232 464 1268 si
493 1245 580 1269 cum
607 1232 764 1268 barbaro
792 1233 911 1268 solum
945 1230 1220 1269 contenderent.
1277 1233 1383 1269 Nam

119 1295 253 1333 ducem
281 1296 414 1333 fortem
441 1294 735 1345 prudentemque
763 1296 872 1344 regiis
900 1296 1029 1345 opibus
1061 1296 1309 1345 praefuturum
1339 1309 1384 1332 ac

119 1373 247 1397 secum
274 1358 542 1396 dimicaturum
570 1358 758 1403 videbant,
789 1373 901 1408 quem
929 1373 1047 1407 licque
1076 1359 1235 1402 consilio,
1264 1373 1383 1408 neque

119 1423 230 1472 copiis
249 1436 422 1472 superare
439 1429 597 1472 possent.
646 1426 682 1458 4.
704 1423 790 1459 Hac
809 1429 936 1459 mente
956 1436 1136 1470 magnam
1156 1423 1384 1459 contrahunt

119 1488 297 1531 classem;
332 1486 614 1536 proficiscuntur
642 1484 824 1522 Pisandro
853 1484 957 1522 duce.
1014 1486 1095 1522 Hos
1124 1486 1254 1522 Conon
1283 1485 1384 1535 apud

121 1549 287 1587 Cnidum
317 1548 468 1586 adortus
495 1563 632 1597 magno
659 1549 786 1598 proelio
814 1549 931 1597 fugat,
956 1549 1098 1585 multas
1127 1563 1242 1586 naves
1270 1550 1382 1598 capit,

120 1614 324 1662 complures
352 1612 537 1662 deprimit.
595 1612 683 1657 Qua
704 1612 862 1649 victoria
883 1626 957 1649 non
980 1613 1100 1648 solum
1123 1613 1294 1655 Athenae,
1321 1613 1383 1649 sed

120 1676 237 1713 ctiam
259 1682 397 1712 cuncta
416 1675 574 1718 Graecia,
596 1688 676 1723 quae
699 1675 767 1711 sub
786 1673 1158 1711 Lacedaemoniorum
1177 1675 1298 1711 fuerat
1317 1675 1383 1711 im-

121 1739 230 1789 perio,
251 1737 411 1775 liberata
430 1744 495 1775 est.
545 1740 579 1774 5.
604 1737 734 1774 Conon
756 1751 842 1774 cum
861 1744 967 1787 parte
985 1737 1143 1774 navium
1162 1738 1201 1774 in
1219 1738 1382 1787 patriam

124 1802 234 1845 venit,
251 1815 376 1838 muros
395 1799 535 1838 dirutos
555 1814 577 1837 a
595 1799 801 1849 Lysandro,
818 1807 991 1849 utrosque
1011 1807 1048 1837 et
1064 1801 1195 1837 Piraeci
1214 1808 1251 1837 et
1267 1802 1384 1838 Athe-

121 1879 266 1909 narum,
286 1863 500 1902 reficiendos
523 1870 642 1907 curat,
666 1864 904 1913 pecuniaeque
928 1863 1202 1912 quinquaginta
1223 1865 1382 1909 talenta,

121 1942 201 1978 quae
220 1942 244 1966 a
261 1928 508 1965 Pharnabazo
528 1933 732 1977 acceperat,
754 1925 898 1964 civibus
916 1927 991 1964 suis
1009 1927 1135 1963 donat.

591 2109 832 2147 CAPUT
869 2109 916 2146 V.

179 2189 211 2223 1.
241 2186 406 2222 Accxmr
427 2184 526 2228 huic,
547 2182 644 2233 quod
671 2183 801 2220 ceteris
822 2182 1052 2227 mortalibus,
1077 2189 1121 2220 ut
1143 2182 1383 2220 inconsidera-

124 2248 195 2285 tior
213 2248 252 2285 in
271 2246 442 2290 secunda,
460 2261 575 2296 quam
594 2247 633 2283 in
652 2245 809 2283 adversa
827 2253 921 2282 esset
936 2246 1095 2282 fortuna.
1144 2246 1250 2282 Nam
1269 2247 1384 2282 classe

126 2311 475 2361 Peloponnesiorum
494 2310 641 2346 devicta
660 2322 776 2357 quum
795 2309 922 2344 ultum
941 2322 978 2344 sc
997 2308 1151 2356 injurias
1170 2309 1301 2356 patria]
1321 2322 1385 2357 pu-

126 2380 236 2417 taret,
256 2374 366 2423 plura
385 2372 607 2420 concupivit,
625 2365 740 2419 quam
759 2370 902 2406 efficere
922 2371 1055 2418 potuit.
1114 2373 1148 2405 52.
1179 2370 1313 2418 Neque
1333 2377 1385 2407 ta-

126 2451 214 2476 men
232 2450 277 2474 ea
295 2450 366 2473 non
388 2436 450 2485 pia
469 2442 506 2472 et
525 2432 716 2484 probanda
730 2433 891 2475 fuerunt,
909 2431 1005 2481 quod
1020 2432 1141 2481 potius
1156 2433 1286 2481 patriae
1301 2446 1384 2483 opes
