1575 2771
181 217 236 253 42
606 225 800 252 coum-:Lu
832 225 1019 251 NEPOTls.
1323 209 1382 264 [2,
1403 215 1439 251 3.

179 315 327 358 silizum,
345 313 552 364 impedivit,
571 327 737 363 saepeque
757 313 836 361 ejus
854 313 1013 350 consiliis
1027 312 1170 350 obstitit
1186 325 1194 357 ;
1223 325 1341 361 neque
1356 326 1442 349 vcro

180 391 254 416 non
273 378 343 415 suit
363 385 544 428 apertum,
562 378 591 414 si
607 378 668 413 ille
683 390 758 413 non
773 376 912 419 suisset,
930 376 1152 424 Agesilaum
1167 376 1301 413 Asiam
1317 377 1443 412 Tauro

180 450 289 481 tenus
307 443 385 491 regi
404 443 513 479 fuisse
533 448 761 491 erepturum.
818 443 853 476 4.
884 440 958 485 Qui
982 446 1224 489 posteaquam
1245 438 1399 476 domum
1421 452 1444 476 a

181 507 254 543 suis
274 506 417 543 civibus
436 512 631 542 revocatus
650 511 716 548 est,
733 502 829 553 quod
849 503 983 540 Boeotii
1002 509 1040 540 et
1059 503 1307 540 Athenienses
1326 504 1443 540 Lace-

181 569 371 606 daemoniis
392 570 534 606 bellum
556 567 780 611 indixerant,
803 568 933 604 Conon
955 567 1070 603 nihilo
1093 566 1210 603 secius
1233 565 1332 616 apud
1353 580 1443 616 prae-

183 633 293 670 sectos
311 633 406 681 regis
425 633 656 676 versabatur,
673 631 802 680 hisque
821 630 992 667 omnibus
1011 631 1176 667 maximo
1195 636 1276 667 erat
1294 630 1389 667 usui.

624 812 865 849 CAPUT
903 812 1004 848 III.

237 890 269 923 1.
301 886 541 923 DEFECERAT
571 899 594 922 a
615 899 700 934 rege
724 886 1002 935 Tissaphernes,
1026 898 1146 934 neque
1168 884 1202 921 id
1230 891 1310 922 tam
1333 886 1445 922 Arta-

185 950 293 993 xerxi,
315 963 429 998 quam
449 950 590 993 ceteris,
612 956 693 986 erat
713 956 897 998 apertum.
953 949 1090 986 Multis
1109 949 1209 985 enim
1227 948 1445 997 magnisque

183 1014 323 1050 meritis
343 1012 443 1062 apud
462 1026 598 1060 regem,
620 1012 737 1049 etiarn
756 1026 874 1061 quum
892 1013 931 1048 in
951 1012 1070 1048 officio
1089 1026 1164 1048 non
1182 1018 1362 1055 maneret,
1383 1025 1440 1048 va·

183 1076 292 1114 lebat.
345 1077 480 1125 Neque
500 1075 537 1112 id
556 1074 782 1119 mirandum,
804 1076 834 1112 si
852 1089 927 1112 11011
946 1076 1053 1112 facile
1073 1074 1121 1112 ad
1140 1074 1364 1112 credendum
1384 1074 1440 1112 ad-

181 1139 399 1183 ducebatur,
421 1139 670 1182 reminiscens,
693 1140 771 1187 ejus
794 1152 831 1175 se
854 1152 966 1188 opera
986 1139 1132 1188 Cyrum
1150 1139 1305 1176 fratrem
1324 1153 1445 1188 super-

181 1217 271 1240 asse.
330 1205 365 1239 2.
396 1203 525 1251 Hujus
549 1201 750 1239 accusandi
772 1202 896 1250 gratia
919 1203 1051 1239 Conon
1078 1216 1101 1239 a
1123 1202 1370 1240 Pharnabazo
1399 1204 1444 1240 ad

181 1279 305 1314 regem
324 1266 468 1309 missus,
485 1273 731 1315 posteaquam
750 1266 864 1309 venit,
881 1266 1047 1315 primum
1066 1279 1113 1303 ex
1130 1280 1230 1303 more
1246 1267 1444 1303 Persarum

181 1329 229 1367 ad
266 1330 524 1374 chiliarchum,
560 1330 622 1379 qui
660 1328 864 1366 secundum
901 1328 1063 1377 gradum
1098 1329 1244 1378 imperii
1281 1330 1443 1366 tenebat.

181 1394 429 1430 Tithrausten
452 1393 616 1436 accessit,
638 1407 748 1442 seque
771 1392 932 1429 ostendit
951 1406 1038 1429 cum
1057 1407 1142 1441 rege
1162 1394 1318 1442 colloqui
1337 1394 1442 1430 velle.

181 1457 306 1494 Nemo
326 1457 427 1494 enim
446 1457 524 1494 sine
543 1458 612 1493 hoc
633 1456 858 1493 admittitur.
908 1459 942 1493 3.
965 1456 1067 1493 Huic
1083 1457 1155 1499 ille,
1172 1456 1295 1500 nulla,
1311 1457 1443 1505 inquit,

179 1534 289 1558 mora
307 1527 386 1565 est;
409 1521 473 1558 sed
491 1527 535 1557 m
554 1520 729 1564 delibera,
750 1527 888 1557 utrum
906 1519 1066 1568 colloqui
1086 1518 1210 1563 malis,
1227 1533 1282 1556 cm
1295 1533 1367 1568 per
1385 1520 1444 1557 lit-

180 1591 278 1622 teras
296 1598 418 1633 agere,
435 1597 521 1633 quse
539 1584 693 1632 cogitas.
735 1585 887 1622 Necesse
905 1589 957 1620 est
971 1583 1087 1626 enim,
1103 1583 1136 1619 si
1151 1583 1197 1619 in
1211 1589 1445 1632 conspectum

179 1650 337 1692 veneria
361 1649 537 1686 ‘venerari
568 1655 602 1685 te
633 1660 759 1696 regem
789 1646 902 1697 (quod
932 1648 1163 1695 προςκυνεῖυ
1193 1647 1248 1684 illi
1277 1646 1442 1697 vocant).

182 1713 267 1749 IIoc
288 1712 321 1749 si
345 1712 415 1749 tibi
436 1725 555 1760 grave
577 1717 638 1755 est,
654 1724 726 1760 per
750 1723 811 1747 me
836 1709 959 1747 nihilo
981 1710 1098 1747 secius
1116 1710 1229 1747 editis
1247 1710 1446 1747 mandatis

180 1775 359 1827 conficies,
380 1776 483 1824 quod
510 1775 646 1812 studes.
703 1777 739 1811 4.
771 1775 876 1810 Tum
904 1774 1045 1817 Conon,
1069 1773 1169 1810 mihi
1195 1786 1290 1817 vero,
1311 1773 1443 1823 inquit,

180 1853 259 1876 non
277 1846 328 1876 est
345 1851 474 1887 grave,
491 1838 663 1887 quemvis
681 1837 859 1874 honorem
875 1836 1010 1873 habere
1026 1836 1109 1885 regi
1120 1849 1137 1880 ,·
1166 1837 1230 1873 sed
1247 1849 1382 1880 vereor,
1398 1849 1444 1874 ne

180 1902 334 1939 civitati
361 1913 454 1938 mece
478 1901 530 1938 sit
554 1900 762 1948 opprobrio,
789 1899 833 1943 si,
861 1912 985 1948 quum
1010 1912 1054 1936 ex
1078 1912 1123 1936 ea
1148 1899 1222 1936 sim
1240 1901 1441 1949 profectus,

180 1978 267 2014 quce
292 1964 420 2001 ceteris
443 1964 619 2013 gentibus
643 1963 836 2012 imperare
859 1963 1101 2007 consueverit,
1113 1963 1248 2013 potius
1273 1963 1443 2000 barbaro-

180 2040 282 2072 rum,
303 2040 425 2077 quam
442 2027 561 2071 illius,
581 2039 684 2064 more
690 2028 863 2077 fimgar.
911 2026 1047 2076 Itaque
1065 2025 1167 2072 huic,
1184 2040 1267 2077 quae
1283 2026 1444 2069 volebat,

181 2092 319 2142 scripta
338 2090 507 2130 tradidit.
