1575 2771
146 226 200 260 20
574 232 770 259 connum
802 232 992 258 Nssro‘ms.
1296 217 1356 273 [2,
1378 224 1404 261 3

146 321 329 373 prodidit:
378 326 414 360 3.
438 322 680 365 Pausanias,
701 321 784 358 dux
806 321 972 369 Spartae,
990 332 1082 370 quos
1103 320 1302 370 Byzantii
1321 334 1417 371 cepe-

143 393 218 432 rat,
233 394 442 436 postquam
460 386 701 436 propinquos
721 391 804 422 tuos
823 385 1009 433 cognovit,
1031 384 1102 421 tibi
1120 385 1277 422 muneri
1295 386 1416 431 misit,

143 463 254 500 seque
275 457 399 488 tecam
420 450 613 499 affinitate
635 448 824 498 conjungi
847 448 982 497 capit:
1013 461 1145 497 quare,
1166 449 1199 485 si
1223 449 1294 486 tibi
1316 450 1419 487 vide-

144 521 221 558 tur,
242 515 304 552 des
324 515 358 552 ei
367 512 504 566 filiam
524 519 636 550 tuam
654 519 838 561 nuptam.
895 515 931 549 4.
955 512 1008 549 Id
1026 512 1219 562 siseceris,
1241 519 1275 550 et
1299 513 1419 562 Spar-

144 587 227 618 tam
245 587 281 618 et
299 587 462 618 ceteram
487 579 683 617 Grcecz'am
701 578 768 615 sub
789 585 901 615 tuam
914 584 1150 627 potestatem,
1167 590 1204 615 se
1221 579 1418 628 adjuvan-

143 650 188 688 te,
221 651 256 682 te
284 645 536 681 redacturum
559 642 775 692 pollicetur.
833 642 913 679 Hc's
943 642 989 679 (le
1018 642 1125 679 rebus
1155 642 1188 679 si
1218 642 1318 691 qnid
1334 642 1420 691 geri

143 708 318 752 volueris,
335 714 481 745 eertum
499 707 694 744 hominem
711 707 766 743 ad
785 719 873 743 omn
890 706 1025 743 mittas
1033 707 1136 756 face,
1154 719 1243 743 omn
1258 719 1334 755 qno
1351 706 1420 744 col-

142 771 338 821 loquatur.
395 773 430 807 5.
463 771 562 813 Rex,
587 777 645 807 tot
667 770 866 806 hominum
889 770 1022 813 salute,
1047 776 1130 807 tam
1156 770 1225 807 sibi
1252 784 1419 808 necessa·

142 835 292 878 riorum,
314 847 541 883 magnopere
563 833 726 882 gavisus,
751 833 946 869 confestim
969 847 1058 869 eum
1081 834 1237 882 epistola
1256 835 1419 871 Artaba-

143 912 230 935 zum
254 897 304 935 ad
326 897 560 935 Pausaniam
582 897 714 941 mittit,
738 897 778 933 in
801 910 876 945 qua
899 910 987 933 eum
1015 896 1216 940 collaudat,
1243 911 1286 934 ac
1309 897 1417 946 petit,

143 976 189 999 ne
212 962 272 999 cui
294 962 348 999 rei
370 968 502 1011 pareat
527 959 575 998 ad
598 974 643 998 ea
665 959 903 1010 perficienda,
928 975 1010 1009 quae
1019 961 1253 1011 polliceatur.
1307 961 1348 998 Si
1370 961 1419 999 fe-

142 1026 245 1069 eerit,
267 1026 408 1062 nullius
430 1025 483 1062 rei
506 1039 530 1062 a
552 1038 589 1062 se
612 1025 802 1073 repulsam
821 1025 1003 1061 laturum.
1062 1026 1096 1060 6.
1127 1024 1255 1073 Hujus
1275 1025 1416 1062 Pausa-

143 1090 226 1126 nias
244 1090 443 1126 voluntate
466 1089 626 1137 cognita,
649 1089 805 1125 alacrior
829 1087 877 1125 ad
899 1102 980 1125 rem
1000 1087 1203 1137 gerendam
1223 1089 1357 1133 factus,
1378 1090 1419 1127 in

143 1153 391 1202 suspicionem
412 1151 545 1190 cecidit
561 1151 947 1189 Lacedaemoniorum.
996 1152 1045 1189 In
1060 1166 1132 1201 quo
1148 1153 1248 1190 facto
1264 1151 1419 1190 domum

144 1223 351 1260 revocatus,
388 1222 588 1253 aecusatus
622 1215 765 1265 capitis,
798 1215 1005 1253 absolvitur
1023 1228 1030 1261 3
1066 1217 1256 1254 multatur
1289 1223 1421 1254 tamen

144 1281 304 1331 pecunia
320 1293 327 1318 :
357 1294 474 1331 quam
492 1279 539 1318 ob
558 1293 715 1318 causam
736 1278 784 1317 ad
803 1280 961 1317 classem
981 1280 1157 1318 remissus
1175 1294 1250 1318 non
1269 1286 1336 1318 est.

591 1467 835 1505 CAPUT
875 1468 975 1504 III.

201 1547 234 1580 1.
265 1544 328 1580 A‘r
348 1543 411 1580 ille
430 1548 513 1592 post
532 1556 607 1579 non
626 1542 746 1579 multo
766 1555 835 1579 sua.
854 1548 984 1591 sponte
1005 1540 1052 1579 ad
1068 1542 1278 1580 exereitum
1296 1541 1418 1587 rediit,

145 1614 183 1645 et
210 1607 262 1645 ibi
289 1622 365 1644 non
392 1606 540 1650 callida,
571 1605 634 1643 sed
662 1605 829 1643 dementi
856 1606 1001 1643 ratione
1035 1606 1201 1654 cogitata
1228 1607 1430 1656 patefecit..

145 1672 236 1709 Non
258 1672 359 1708 enim
382 1684 502 1708 mores
524 1670 664 1720 patrios
684 1670 814 1713 solum,
837 1668 900 1706 sed
920 1670 1037 1706 etiam
1057 1671 1205 1707 cultum
1223 1670 1421 1708 vestitum-

146 1749 217 1784 que
239 1735 418 1772 mutavit.
477 1737 512 1771 2.
543 1735 745 1783 Apparatu
773 1733 873 1782 regio
895 1732 1087 1777 utebatur,
1112 1740 1217 1771 veste
1240 1733 1419 1780 Medica;

146 1799 327 1836 satellites
350 1796 459 1835 Medi
486 1804 524 1834 et
553 1797 729 1846 AEgyptii
758 1796 1033 1846 sequebantur3
1064 1797 1292 1846 epulabatur
1318 1811 1421 1835 more

147 1864 350 1899 Persarum
376 1861 610 1903 luxuriosius,
635 1874 762 1909 quam,
789 1860 853 1909 qui
881 1859 1049 1904 aderant,
1074 1861 1218 1910 perpeti
1246 1868 1395 1910 possent
1410 1874 1419 1907 ;

147 1928 182 1962 3.
213 1924 376 1962 Aditum
398 1923 614 1974 petentibus
642 1922 887 1961 conveniendi
914 1938 989 1961 non
1016 1923 1157 1970 dabat3
1189 1924 1344 1974 superbe
1367 1939 1420 1963 re-

146 1987 362 2038 spondebat,
385 1994 422 2025 et
451 1986 652 2025 crudeliter
681 1987 905 2037 imperabat.
965 1988 1147 2038 Spartam
1175 1987 1294 2026 redire
1323 1990 1421 2027 nole-

147 2051 225 2089 bat.
285 2052 457 2095 Colonas,
479 2051 542 2100 qui
564 2051 667 2088 locus
690 2051 730 2088 in
753 2065 841 2099 agro
862 2050 1010 2089 Troade
1034 2059 1100 2095 est,
1122 2066 1159 2089 se
1183 2053 1419 2090 contulerat:

147 2116 198 2154 ibi
217 2116 370 2153 consilia
389 2129 506 2164 quum
526 2115 668 2164 putrire,
690 2121 776 2152 tum
799 2114 868 2152 sibi
890 2115 1045 2152 inimica
1064 2115 1248 2165 capiebat.
1306 2120 1342 2153 4.
1374 2115 1421 2154 Id

147 2187 345 2230 postquam
364 2178 644 2216 Lacedaemonii
662 2179 878 2223 rescierunt,
895 2180 1040 2228 legatos
1060 2178 1108 2217 ad
1128 2194 1216 2217 eum
1235 2194 1324 2217 cum
1343 2194 1420 2230 scy-

147 2245 229 2281 tala
250 2244 444 2287 miserunt,
466 2243 506 2280 in
528 2257 603 2292 qua
624 2257 727 2280 more
750 2243 900 2280 illorum
923 2250 1006 2281 erat
1029 2244 1236 2293 seriptum:
1265 2244 1336 2281 nisi
1359 2243 1420 2282 do-

148 2322 254 2345 mum
287 2314 549 2352 reverteretur,
586 2321 624 2344 se
658 2307 790 2357 capitis
828 2321 916 2344 eum
953 2306 1210 2346 damnaturos.
1269 2310 1305 2345 5.
1335 2308 1420 2346 Hoc

148 2373 280 2409 nuntio
301 2378 521 2415 commotus,
539 2385 700 2421 sperans,
718 2385 756 2408 se
775 2371 894 2409 etiam
915 2377 999 2408 tum
1018 2372 1178 2421 pecunia
1197 2378 1235 2409 et
1249 2372 1419 2421 potentia

150 2437 291 2473 instans
318 2435 527 2485 perieulum
554 2449 658 2485 posse
686 2434 880 2485 depellere,
902 2434 1058 2472 domum
1085 2434 1206 2472 rediit.
1263 2436 1353 2472 Huc
1376 2442 1418 2472 ut

153 2500 263 2543 venit,
290 2499 338 2537 ab
366 2499 511 2549 ephoris
539 2500 577 2536 in
606 2500 759 2537 vincula
788 2499 937 2548 publica
965 2500 1154 2548 conjectus
1182 2505 1248 2536 est.
1307 2498 1415 2536 Licet
