1575 2771
181 211 235 248 74
598 223 794 250 commun
825 222 1013 249 NEPOTIS.
1301 204 1360 259 [9,
1378 210 1442 247 10.

626 424 869 461 CAPUT
907 423 994 461 IX.

235 503 267 536 1.
289 499 366 536 Hic
383 505 548 536 extremo
563 504 728 547 tempore
743 498 946 547 imperator
961 495 1061 546 apud
1073 496 1315 533 Mantineam
1326 510 1443 546 quum

177 563 255 599 acie
276 562 462 600 instructa
489 560 670 598 audacius
696 562 855 598 instaret
876 561 1009 603 hostes,
1031 559 1200 607 cognitus
1223 572 1246 595 a
1267 558 1444 596 Lacedae-

178 626 320 669 moniis,
341 623 440 674 quod
461 625 499 661 in
528 625 639 661 unius
665 624 826 674 pernicie
853 624 932 672 ejus
958 623 1089 672 patriae
1118 622 1231 659 sitam
1258 622 1445 671 putabant

177 689 350 732 salutem,
374 687 539 724 universi
566 688 606 724 in
632 701 752 724 unum
779 688 967 736 impetum
993 685 1173 728 fecerunt,
1197 698 1316 734 neque
1343 685 1446 734 prius

177 752 442 793 abscesserunt,
460 763 575 798 quam
595 763 736 797 magna
756 748 865 793 caede,
882 749 1083 797 multisque
1103 748 1230 785 occisis
1248 748 1445 785 fortissime

175 814 299 862 ipsum
318 812 625 861 Epaminondam
646 818 892 861 pugnantem,
913 824 1020 860 sparo
1049 811 1195 847 eminus
1216 823 1443 859 percussum,

176 874 367 912 concidere
393 874 580 912 viderunt.
656 877 691 911 2.
727 875 854 922 Hujus
881 887 970 911 casu
1000 873 1238 922 aliquantum
1264 873 1445 910 retardati

177 945 266 975 sunt
288 938 424 975 Boeotii
439 951 447 983 3
482 952 602 987 neque
629 944 760 975 tamen
778 937 881 986 prius
908 950 1036 986 pugna
1063 942 1307 980 excesserunt,
1332 949 1445 985 quam

178 1007 430 1051 repugnantes
457 1001 716 1050 profligarunt.
774 1003 809 1037 3.
840 1001 896 1037 At
918 998 1202 1050 Epaminondas
1225 1013 1342 1048 quum
1370 999 1445 1036 ani-

177 1063 440 1107 madverteret,
464 1064 700 1101 mortiferum
733 1077 771 1100 se
799 1064 937 1100 vulnus
970 1063 1162 1111 accepisse,
1193 1062 1385 1111 simulque,
1415 1063 1444 1100 si

177 1128 327 1171 ferrum,
349 1126 447 1176 quod
474 1141 521 1164 ex
547 1127 677 1164 hastili
704 1127 744 1164 in
771 1140 919 1176 corpore
946 1132 1188 1169 remanserat,
1210 1126 1443 1169 extraxisset,

177 1191 348 1227 animam
367 1190 498 1227 statim
517 1190 741 1227 emissurum
758 1202 764 1227 :
794 1203 908 1238 usque
928 1203 969 1226 eo
989 1189 1155 1232 retinuit,
1173 1187 1296 1238 quoad
1314 1202 1445 1226 renun—

177 1253 316 1291 tiatum
335 1259 402 1296 est,
419 1253 550 1290 vicisse
570 1253 742 1290 Boeotios.
799 1256 836 1289 4.
861 1251 905 1289 Id
926 1259 1126 1302 postquam
1145 1252 1302 1295 audivit,
1324 1251 1444 1295 Satis,

176 1317 307 1365 inquit,
331 1316 415 1353 vixi
429 1330 442 1353 .·
471 1316 641 1353 invictus
669 1316 774 1354 enim
799 1316 954 1353 morior.
1024 1317 1130 1354 Tum
1156 1315 1250 1354 ferro
1277 1322 1445 1354 extracto

178 1379 373 1416 confestim
392 1379 632 1416 exanimatus
651 1386 718 1417 est.

647 1561 889 1599 CAPUT
926 1561 976 1598 X.

232 1639 265 1671 1.
295 1635 373 1671 Hic
404 1647 559 1671 uxorem
586 1648 796 1683 numquam
823 1633 944 1671 duxit.
1001 1634 1049 1671 In
1080 1648 1151 1683 quo
1175 1647 1292 1683 quum
1325 1648 1445 1685 repre·

178 1696 413 1740 henderetur,
446 1696 544 1746 quod
572 1697 707 1734 liberos
739 1711 814 1734 non
847 1698 1082 1746 relinqueret,
1115 1711 1139 1735 a
1169 1698 1358 1748 Pelopida,
1383 1700 1446 1749 qui

174 1760 296 1798 filium
311 1759 477 1797 habebat
491 1760 686 1804 infamem,
704 1761 878 1810 maleque
897 1774 985 1797 eum
999 1761 1039 1797 in
1055 1775 1096 1798 eo
1111 1761 1241 1811 patriae
1257 1763 1447 1801 consulere

174 1822 324 1867 diceret,
368 1826 402 1859 2.
428 1823 531 1867 Vide,
547 1823 679 1872 inquit,
696 1836 744 1860 ne
758 1830 802 1860 tu
812 1824 927 1873 pejus
941 1823 1123 1867 consulas,
1137 1824 1209 1873 qui
1223 1825 1339 1862 talem
1353 1838 1397 1863 ex
1411 1833 1446 1863 te

175 1892 317 1923 natum
334 1885 538 1922 relicturus
557 1886 619 1921 sis.
677 1887 814 1933 Neque
827 1898 913 1922 vero
931 1885 1047 1934 stirps
1064 1886 1166 1922 mihi
1178 1893 1300 1935 potest
1314 1888 1442 1925 deesse.

177 1949 362 1996 Namque
383 1960 426 1984 ea:
447 1960 508 1984 me
525 1954 664 1984 natam
682 1947 859 1996 relinquo
875 1961 1059 1996 pugnam
1079 1948 1337 1993 Leuctricam,
1358 1963 1443 1999 quae

177 2022 254 2047 non
275 2010 387 2046 modo
407 2009 508 2046 mihi
531 2016 723 2058 superstes,
744 2010 808 2046 sed
830 2010 949 2047 etiam
970 2010 1202 2048 immortalis
1229 2012 1281 2049 sit
1306 2025 1445 2050 necesse

176 2079 238 2109 est.
297 2074 332 2109 3.
364 2073 448 2118 Quo
472 2079 648 2122 tempore,
671 2074 764 2110 duee
783 2073 973 2123 Pelopida,
995 2075 1140 2111 exsules
1160 2075 1313 2113 Thebas
1339 2091 1444 2114 occu-

176 2142 325 2184 parunt,
347 2142 384 2172 ct
404 2135 617 2184 praesidium
636 2137 1008 2174 Lacedaemoniorum
1024 2151 1079 2174 -ex
1101 2151 1184 2175 arce
1207 2141 1441 2189 expulerunt,

177 2198 471 2247 Epaminondas,
499 2197 681 2247 quamdiu
710 2199 811 2236 facta
843 2206 898 2237 cst
931 2198 1048 2237 caedes
1081 2201 1233 2247 civium,
1264 2201 1372 2240 domo
1406 2217 1443 2241 se

176 2261 322 2298 tenuit:
352 2262 448 2310 quod
470 2276 589 2311 neque
616 2263 735 2300 malos
763 2261 956 2300 defendere
978 2263 1138 2308 volebat,
1159 2278 1277 2315 neque
1299 2266 1443 2317 impug-

176 2338 277 2368 nare,
297 2338 344 2362 ne
362 2338 498 2362 manus
518 2339 667 2363 suorum
687 2327 866 2375 sanguine
886 2334 1110 2366 cruentaret.
1167 2329 1348 2379 Namque
1367 2344 1441 2367 om-

176 2401 264 2426 nem
282 2388 431 2425 civilem
450 2387 647 2426 victoriam
666 2389 857 2427 funestam
874 2392 1048 2440 putabat.
1105 2391 1224 2437 Idem,
1244 2399 1437 2442 postquam

176 2450 277 2501 apud
300 2450 512 2491 Cadmeam
540 2466 626 2490 cum
656 2452 946 2492 Lacedaemoniis
971 2455 1132 2505 pugnari
1159 2456 1280 2506 coepit,
1304 2456 1344 2494 in
1370 2457 1424 2506 pri
