1575 2771
424 472 542 530 XX.
616 469 1126 527 TIMOLEON.

618 667 860 705 CAPUT
898 667 931 704 I.

193 748 225 781 1.
256 744 476 788 TnuorAEoN,
503 742 733 780 Corinthius.
794 742 883 779 Sine
913 741 1024 779 dubio
1052 755 1211 790 magnus
1239 742 1408 779 omniurn

138 807 280 858 judicio
308 808 370 845 hio
398 807 457 844 vir
483 807 638 845 exstitit.
694 806 875 856 Namque
902 806 991 842 huie
1018 805 1085 842 uni
1113 805 1282 854 contigit,
1312 804 1408 855 quod

136 872 258 909 nescio
278 872 433 916 annulli,
445 877 488 908 ut
508 877 546 908 et
565 870 740 920 patriam,
758 871 798 907 in
817 883 892 919 qua
910 876 992 907 erat
1010 875 1134 914 natus,
1152 883 1365 919 oppressam
1385 883 1408 907 a

136 943 294 986 tyranno
313 935 499 979 liberaret,
521 941 558 972 et
579 948 602 972 a
623 934 827 984 Syracusis,
849 933 983 982 quibus
1003 933 1141 970 auxilio
1161 939 1243 970 erat
1262 934 1407 977 missus,

136 1001 388 1037 inveteratam
403 999 625 1036 servitutem
640 997 851 1047 depelleret,
866 1003 1059 1046 totamque
1077 997 1258 1041 Siciliam,
1269 998 1409 1035 multos

136 1076 252 1100 annos
265 1062 362 1100 bello
376 1068 557 1099 vexatam
573 1075 597 1099 a
610 1061 852 1110 barbarisque
867 1074 1090 1111 oppressam,
1108 1074 1173 1098 suo
1189 1062 1355 1098 adventu
1370 1061 1410 1099 in

134 1127 336 1178 pristinum
354 1127 578 1164 restitueret.
636 1128 671 1162 2.
699 1123 772 1162 Sed
791 1125 831 1162 in
855 1125 914 1161 his
936 1123 1046 1162 rebus
1068 1138 1143 1161 non
1162 1125 1322 1175 simplici
1341 1125 1409 1162 sor-

136 1197 233 1228 tuna
251 1190 490 1228 conflictatus
509 1195 565 1226 est
583 1195 632 1233 et,
648 1189 687 1226 id
706 1189 804 1238 quod
822 1187 1011 1225 difficilius
1029 1194 1197 1238 putatur,
1213 1189 1335 1225 multo
1355 1202 1409 1225 sa-

135 1255 300 1305 pientius
313 1254 403 1291 tulit
418 1252 632 1297 secundam,
649 1266 765 1302 quam
781 1251 977 1289 adversam
993 1252 1195 1289 fortunam.
1244 1254 1280 1288 3.
1301 1252 1410 1290 Nam

136 1333 254 1370 quum
281 1319 398 1357 frater
424 1319 504 1368 ejus
532 1318 800 1368 Timophanes,
830 1315 908 1354 dux
941 1330 964 1353 a
992 1316 1199 1354 Corinthiis
1232 1314 1408 1359 delectus,

136 1383 374 1434 tyrannidem
391 1397 458 1433 per
475 1382 614 1420 milites
632 1381 881 1419 mercenarios
904 1387 1131 1430 occupasset,
1152 1380 1410 1430 particepsque

137 1448 242 1496 regni
269 1453 391 1497 posset
418 1460 505 1491 esse,
533 1453 688 1484 tantum
711 1445 832 1483 abfuit
855 1459 878 1482 a
900 1445 1076 1482 societate
1099 1444 1254 1488 sceleris,
1276 1450 1320 1481 ut
1348 1457 1410 1480 an-

137 1511 307 1548 tetulerit
335 1524 487 1548 suorum
515 1511 657 1548 civium
684 1510 899 1547 libertatem
926 1508 1053 1546 fratris
1076 1508 1200 1552 saluti,
1221 1514 1259 1545 et
1280 1521 1411 1557 parere

137 1574 292 1623 legibus,
326 1588 442 1623 quam
477 1574 662 1624 imperare
699 1574 841 1623 patriae,
881 1573 999 1610 satius
1037 1571 1196 1609 duxerit.
1255 1575 1291 1608 4.
1323 1572 1411 1609 Hac

138 1644 266 1675 mente
288 1651 354 1688 per
376 1637 614 1687 haruspicem
637 1650 947 1685 communemque
968 1636 1132 1678 affinem,
1154 1635 1215 1672 cui
1234 1648 1343 1679 soror,
1365 1648 1411 1672 ex

138 1700 279 1740 eisdem
297 1702 515 1751 parentibus
534 1708 636 1745 nata,
652 1707 775 1751 nupta
794 1707 884 1744 erat,
902 1700 1058 1737 fratrem
1077 1706 1282 1749 tyrannum
1301 1699 1411 1736 inter-

139 1765 339 1804 ficiendum
363 1766 522 1803 curavit.
580 1766 665 1815 Ipse
693 1779 768 1802 non
794 1765 904 1801 modo
926 1777 1062 1800 manus
1084 1777 1158 1800 nou
1181 1763 1323 1807 attulit,
1348 1761 1412 1800 sed

138 1844 186 1868 ne
219 1828 408 1880 adspicere
438 1829 588 1879 quidem
615 1829 825 1866 fraternum
853 1828 1075 1876 sanguinem
1102 1827 1233 1864 voluit.
1291 1827 1409 1871 Nam,

139 1893 231 1932 dum
249 1907 307 1931 res
329 1893 581 1936 conficeretur,
602 1893 732 1943 procul
750 1892 789 1929 in
808 1891 975 1941 praesidio
995 1891 1076 1934 suit,
1097 1904 1144 1927 ne
1164 1890 1245 1940 quis
1265 1891 1412 1927 satelles

138 1963 260 2008 posset
278 1971 499 1995 succurrere.
558 1959 593 1993 5.
624 1957 707 1994 Hoc
730 1955 1057 2006 praeclarissimum
1076 1955 1155 2004 ejus
1174 1954 1318 1992 facinus
1337 1968 1411 1992 non

138 2021 221 2072 pari
238 2019 347 2059 modo
365 2020 568 2071 probatum
587 2027 642 2058 est
662 2019 710 2058 ab
729 2020 912 2057 omnibus.
961 2019 1147 2057 Nonnulli
1166 2018 1268 2055 enim
1283 2019 1410 2056 laesam

140 2084 189 2123 ab
211 2099 254 2123 eo
275 2085 458 2135 pietatem
479 2084 679 2135 putabant,
701 2090 739 2122 et
761 2084 904 2121 invidia
926 2084 1078 2120 laudem
1097 2082 1248 2120 virtutis
1271 2083 1411 2119 obtere-

138 2149 244 2186 bant.
293 2149 424 2186 Mater
438 2162 525 2185 vero
543 2155 626 2198 post
640 2149 678 2185 id
693 2148 837 2185 factum
857 2161 976 2197 neque
996 2148 1150 2184 domum
1169 2147 1217 2183 ad
1236 2160 1273 2183 se
1288 2146 1411 2182 filium

142 2211 304 2255 admisit,
331 2225 451 2261 neque
480 2210 660 2261 adspexit,
685 2212 776 2261 quin
803 2225 891 2248 eum
918 2209 1151 2247 fratricidam
1178 2209 1411 2259 impiumque

141 2272 332 2312 detestans
354 2275 606 2324 compellaret.
665 2277 699 2311 6.
730 2275 876 2320 Quibus
903 2275 1013 2310 rebus
1040 2274 1130 2310 adeo
1153 2273 1215 2309 ille
1237 2278 1293 2309 est
1315 2284 1410 2308 com-

141 2345 276 2383 motus,
298 2345 342 2376 ut
362 2351 632 2387 nommnquam
655 2338 742 2374 vitae
770 2338 885 2374 finem
907 2337 1028 2373 facere
1050 2336 1209 2373 voluerit
1232 2341 1344 2386 atque
1365 2348 1412 2373 ex

142 2404 376 2454 ingratorum
393 2403 591 2441 hominum
611 2408 810 2452 conspectu
828 2407 947 2438 morte
966 2400 1152 2438 decedere.
