1575 2771
452 457 611 514 XIX.
683 453 1110 512 PHOOION.

623 649 864 687 CAPUT
907 648 940 686 Ι.

205 726 237 759 1.
254 723 441 765 PH0010N,
457 721 708 765 Atheniensis,
722 722 791 758 etsi
803 734 896 770 saepe
909 720 1131 757 exercitibus
1142 720 1301 769 praefuit,
1316 733 1414 757 sum-

148 797 299 834 mosque
317 785 561 833 magistratus
581 785 689 834 cepit,
706 790 837 821 tamen
851 785 972 820 multo
991 784 1070 831 ejus
1088 784 1206 820 notior
1220 783 1414 831 integritas

147 849 245 892 vitae,
266 861 382 898 quam
410 848 462 885 rei
484 848 658 885 militaris
680 847 796 884 labor.
854 847 988 896 Itaque
1011 847 1124 894 hujus
1150 847 1332 883 memoria
1359 852 1415 883 est

146 912 262 955 nulla,
284 912 383 948 illius
412 918 539 948 autem
566 925 708 960 magna
729 911 856 948 sarna:
887 924 933 947 ex
955 923 1025 959 quo
1052 910 1268 958 cognomine
1288 910 1415 946 Bonus

147 981 202 1012 est
222 976 442 1024 appellatus.
501 977 536 1011 2.
559 975 651 1011 Fuit
671 974 772 1011 enim
786 979 962 1022 perpetuo
977 986 1128 1022 pauper,
1143 987 1260 1022 quum
1275 973 1415 1010 divitis-

147 1039 263 1076 simus
286 1052 362 1075 esse
385 1044 506 1087 posset
527 1044 675 1087 propter
694 1038 902 1086 frequentes
925 1037 1066 1073 delatos
1085 1037 1238 1072 honores
1257 1042 1415 1085 potesta-

147 1108 274 1150 tesque
297 1114 476 1144 summas,
497 1115 577 1150 quae
597 1101 630 1137 ei
650 1114 673 1137 a
691 1101 826 1149 populo
846 1100 1044 1136 dabantur.
1102 1101 1136 1135 3.
1162 1099 1238 1135 Hic
1257 1112 1373 1148 quum
1393 1111 1434 1137 a.

147 1178 233 1212 rege
251 1164 426 1214 Philippo
448 1177 607 1200 munera
630 1176 776 1211 magnae
797 1163 963 1211 pecuniae
986 1160 1208 1211 repudiaret,
1229 1162 1416 1210 legatique

147 1228 388 1264 hortarentur
411 1227 576 1276 accipere
599 1226 783 1275 simulque
807 1226 1059 1268 admonerent,
1081 1225 1111 1262 si
1130 1225 1206 1274 ipse
1228 1225 1287 1262 his
1309 1225 1417 1261 facile

149 1297 301 1333 careret,
326 1290 450 1327 liberis
478 1296 608 1327 tamen
635 1290 711 1326 suis
733 1289 967 1338 prospiceret,
989 1288 1122 1337 quibus
1145 1288 1295 1325 difficile
1323 1294 1418 1325 esset

149 1353 188 1389 in
200 1366 349 1389 summa
360 1359 582 1402 paupertate
595 1359 743 1389 tantam
755 1359 953 1401 paternam
965 1352 1060 1388 tueri
1072 1352 1231 1399 gloriam
1244 1365 1250 1388 :
1291 1355 1327 1387 4.
1345 1351 1418 1388 His

150 1417 223 1459 ille,
245 1417 292 1453 Sa·
311 1417 387 1453 mei
406 1416 547 1453 similes
566 1422 690 1459 erunt,
706 1416 810 1452 idem
828 1415 900 1458 hie,
918 1415 1047 1463 inquit,
1064 1415 1210 1463 agellus
1228 1414 1312 1451 illos
1329 1413 1417 1458 alet,

152 1479 220 1528 qui
243 1492 303 1516 me
324 1480 378 1516 acl
399 1479 500 1516 hcmc
522 1479 758 1527 (lignitatem
776 1478 987 1527 perclzcselt,·
1016 1478 1080 1515 sin
1101 1478 1306 1515 dissimiles
1327 1484 1418 1514 sunt

156 1543 304 1592 futuri,
320 1542 405 1579 nolo
423 1543 516 1579 meis
532 1542 714 1590 impensis
729 1542 887 1578 illorum
901 1541 959 1578 alz'
973 1542 1188 1590 augerique
1202 1541 1406 1578 luxuriam

608 1723 851 1760 CAPUT
899 1723 966 1759 II.

211 1806 242 1837 1.
269 1800 371 1836 IDEM
401 1813 517 1848 quum
548 1812 659 1847 prope
693 1797 741 1834 ad
772 1811 915 1834 annum
948 1798 1215 1845 octogesimum
1248 1811 1421 1846 prospera

154 1862 380 1913 pervenisset
398 1862 556 1904 fortuna,
578 1861 753 1897 extremis
776 1860 1003 1909 temporibus
1025 1873 1209 1908 magnum
1232 1860 1271 1896 in
1294 1859 1420 1897 odium

155 1925 324 1976 pervenit
347 1938 497 1960 suorum
521 1923 671 1959 civium.
731 1926 765 1958 2.
791 1923 929 1965 Primo,
951 1923 1047 1971 quod
1071 1936 1157 1959 eum
1182 1923 1352 1960 Demade
1375 1922 1421 1960 de

157 1990 246 2026 urbe
274 1986 456 2024 tradenda
484 1987 686 2035 Antipatro
716 1992 959 2028 consenserat,
990 1986 1140 2034 ejusque
1169 1986 1318 2022 consilio
1348 1986 1422 2023 De-

156 2053 367 2090 mosthenes
394 2064 481 2087 cum
505 2050 644 2092 ceteris,
666 2049 728 2098 qui
751 2049 843 2085 bene
866 2049 910 2084 de
938 2048 1128 2097 republica
1155 2049 1277 2085 meriti
1301 2049 1423 2086 existi—

158 2116 372 2156 mabantur,
393 2113 610 2162 populiscito
634 2113 674 2149 in
696 2112 868 2148 exsilium
892 2118 999 2148 erant
1019 2112 1173 2160 expulsi.
1229 2112 1364 2161 Neque
1383 2112 1423 2149 in

159 2192 201 2216 eo
216 2179 336 2214 solum
351 2175 564 2219 offenderat,
582 2177 678 2225 quod
693 2175 822 2224 patriae
838 2175 938 2211 male
954 2175 1199 2218 consuluerat,
1217 2173 1279 2211 sed
1294 2176 1421 2219 etiam,

160 2241 257 2291 quod
286 2240 461 2277 amicitiae
490 2239 602 2276 fidem
630 2252 703 2276 non
730 2238 963 2288 praestiterat.
1026 2240 1061 2274 3.
1087 2237 1264 2287 Namque
1293 2245 1424 2275 auctus

162 2303 386 2352 adjutusque
410 2316 433 2339 a
453 2303 705 2339 Demosthene
733 2315 832 2345 eum,
857 2314 967 2350 quem
997 2302 1160 2344 tenebat,
1186 2302 1425 2338 adscenderat

163 2368 333 2416 gradum,
364 2379 481 2415 quum
519 2366 695 2402 adversus
730 2365 935 2401 Charetem
971 2377 1058 2400 eum
1095 2363 1335 2408 subornaret;
1377 2363 1424 2400 ab

164 2431 292 2470 eodem
308 2432 347 2468 in
361 2431 521 2480 judiciis,
542 2444 659 2480 quum
679 2429 812 2479 capitis
830 2441 985 2466 eausam
1004 2428 1151 2470 diceret,
1173 2428 1342 2464 defensus
1362 2427 1424 2464 afi-

1561 2599 1569 2615 ,-
