1575 2771
139 185 217 223 116
560 194 754 222 0031101111
787 193 974 220 umens.
1229 178 1316 233 [12,
1337 185 1399 223 13.

132 285 282 329 diceret,
302 297 390 322 eum
408 284 449 321 in
463 283 607 320 Prusiae
625 296 738 331 regno
757 295 844 319 esse.
904 284 939 318 2.
961 282 1008 319 Id
1022 288 1166 332 postero
1185 282 1243 325 die
1258 283 1389 321 Flami

132 349 243 386 ninus
258 348 405 386 senatui
420 348 567 385 detulit.
611 347 745 383 Patres
763 346 970 395 conscripti,
984 346 1058 395 qui,
1071 346 1288 384 Hannibale
1303 347 1400 391 vivo,

131 426 341 463 numquam
371 426 408 449 se
439 412 516 448 si'ne
546 410 687 447 insidiis
717 409 862 446 futuros
891 409 1161 454 existimarent,
1190 411 1334 459 legatos
1362 411 1399 448 in

131 477 355 527 Bithyniam
383 476 575 518 miserunt,
597 475 636 511 in
658 474 716 511 his
738 473 1011 516 Flamininum,
1033 473 1096 522 qui
1119 472 1166 510 ab
1192 487 1276 522 rege
1304 480 1398 524 pete·

131 548 224 584 rent,
245 555 292 578 ne
311 539 613 577 inimicissimum
634 551 746 575 suum
765 550 891 574 secum
911 535 1066 574 haberet
1086 537 1226 586 sibique
1242 535 1391 574 dederet

132 607 167 641 3.
189 605 262 641 His
277 604 430 640 Prusias
449 616 586 651 negare
607 615 719 638 ausus
737 614 811 638 non
830 606 885 637 est
901 613 908 645 3
934 599 1029 637 illud
1048 601 1246 644 recusavit,
1262 614 1310 637 ne
1328 599 1367 637 id
1382 614 1406 638 a

131 682 169 705 se
188 667 268 704 fieri
286 667 529 716 postularent,
551 663 648 714 quod
671 665 847 701 adversus
865 665 928 713 jus
950 664 1101 713 hospitii
1123 671 1241 709 esset;
1272 664 1353 714 ipsi,
1375 677 1406 701 51

130 737 289 780 possent,
315 727 695 778 comprehenderent;
725 728 860 771 locum,
881 728 946 765 ubi
968 734 1073 771 esset,
1094 728 1204 765 facile
1232 729 1406 765 inventu-

131 807 200 830 ros.
257 791 455 840 Hannibal
474 792 575 828 enim
593 805 668 828 uno
687 791 766 827 loco
785 804 823 828 se
842 790 995 828 tenebat
1014 791 1054 828 in
1072 793 1234 836 castello,
1256 793 1353 841 quod
1372 793 1403 830 ei

134 871 156 894 a
178 871 263 906 rege
291 855 427 894 datum
450 862 531 893 erat
554 856 726 900 muneri,
756 855 865 904 idque
889 855 940 892 sic
963 855 1178 900 aedificarat,
1202 863 1247 893 ut
1269 857 1310 893 in
1331 870 1406 894 om-

133 921 243 958 nibus
261 919 432 970 partibus
451 919 596 956 aedificii
612 919 757 956 exitum
772 918 841 955 sibi
855 917 1023 962 haberet,
1042 933 1186 969 semper
1201 933 1343 964 verens,
1360 933 1407 957 ne

134 998 205 1022 usu
220 984 376 1027 veniret,
394 982 490 1033 quod
510 983 656 1020 accidit.
715 986 750 1019 4.
773 983 861 1019 Huc
877 996 994 1032 quum
1010 983 1128 1031 legati
1143 984 1408 1021 Romanorum

135 1048 334 1091 venissent,
355 1061 399 1084 ao
419 1045 661 1084 multitudine
682 1047 835 1083 domum
854 1047 933 1094 ejus
955 1045 1294 1091 circumdedissent,
1315 1061 1408 1097 puer

136 1113 184 1150 ab
197 1113 320 1161 janua
338 1111 561 1161 prospiciens
575 1109 787 1147 Hannibali
803 1110 908 1153 dixit,
925 1110 1049 1159 plures
1063 1117 1197 1159 praeter
1216 1117 1408 1148 consuetu-

135 1175 262 1213 dinem
286 1182 451 1212 armatos
474 1188 664 1224 apparere.
721 1174 798 1219 Qui
817 1174 1018 1223 imperavit
1041 1175 1085 1218 ei,
1105 1181 1150 1212 ut
1169 1188 1296 1212 ornnes
1315 1175 1408 1212 fores

137 1239 283 1277 aedificii
306 1239 519 1276 circumiret
548 1252 591 1275 ac
618 1251 772 1287 propere
801 1237 870 1274 sibi
893 1238 1138 1291 renuntiaret,
1158 1252 1252 1276 num
1279 1239 1410 1276 eodem

137 1302 246 1341 modo
279 1303 443 1352 undique
476 1301 717 1339 obsideretur.
776 1304 810 1338 5.
836 1302 938 1338 Puer
968 1315 1086 1351 quum
1119 1302 1296 1346 celeriter,
1321 1301 1410 1352 quid

137 1373 244 1411 esset,
268 1367 530 1420 renuntiasset,
559 1378 757 1414 omnesque
787 1365 908 1402 exitus
935 1372 1135 1414 occupatos
1167 1364 1408 1411 ostendisset;

138 1430 262 1474 sensit,
283 1429 322 1466 id
344 1444 418 1466 non
436 1429 587 1466 fortuito
607 1429 764 1472 factum,
785 1429 848 1465 sed
871 1442 908 1465 se
930 1429 1018 1478 peti,
1039 1442 1158 1478 neque
1182 1428 1251 1466 sibi
1270 1430 1411 1467 diutius

138 1494 262 1531 vitam
278 1507 354 1530 esse
373 1491 620 1530 retinendam.
679 1492 807 1538 Quam
822 1506 868 1529 ne
885 1493 1004 1529 alieno
1021 1492 1174 1530 arbitrio
1190 1492 1409 1537 dimitteret,

139 1571 282 1595 memor
304 1558 547 1608 pristinarum
566 1557 764 1600 virtutum,
785 1570 983 1600 venenum,
1005 1557 1102 1605 quod
1121 1570 1266 1606 semper
1284 1570 1410 1594 seeum

141 1620 279 1658 habere
299 1627 553 1664 consueverat,
575 1620 719 1657 sumsit.

565 1805 806 1842 CAPUT
844 1801 987 1842 XIII.

199 1884 229 1916 1.
257 1881 321 1916 S1c
345 1879 403 1915 vir
425 1879 654 1922 fortissimus,
674 1878 805 1915 multis
828 1879 1013 1927 variisque
1041 1879 1260 1927 perfunctus
1281 1879 1412 1917 labori-

140 1944 210 1980 bus
230 1956 326 1979 anno
347 1943 534 1992 acquievit
557 1942 842 1991 septuagesimo.
900 1941 1048 1987 Quibus
1071 1942 1281 1980 consulibus
1303 1943 1412 1980 inter-

142 2007 235 2050 ierit,
263 2020 337 2043 non
357 2006 542 2043 convenit.
601 2006 780 2054 Namque
796 2005 958 2048 Atticus,
976 2005 1110 2042 Marco
1127 2005 1288 2043 Claudio
1307 2007 1412 2044 Mar-

142 2071 243 2114 cello,
265 2070 312 2116 Q.
331 2069 451 2106 Fabio
471 2069 660 2112 Labeone,
679 2069 900 2113 consulibus,
922 2076 1114 2107 mortuum
1133 2069 1172 2106 in
1195 2070 1324 2107 annali
1347 2084 1412 2107 suo

141 2133 322 2183 scripturn
354 2133 526 2182 reliquit3
569 2139 608 2170 at
632 2131 821 2182 Polybius,
846 2132 894 2169 L.
916 2133 1076 2170 AEmilio
1104 2133 1238 2170 Paullo
1271 2140 1309 2171 et
1338 2134 1409 2171 Cn.

142 2197 270 2235 Baebio
286 2197 490 2247 Tamphilo
506 2209 514 2242 3
541 2196 730 2246 Sulpicius
749 2203 889 2239 autem,
907 2197 950 2233 P.
967 2196 1137 2234 Cornelio
1158 2197 1336 2246 Cethego,
1350 2197 1409 2234 M.

143 2262 270 2299 Baebio
294 2261 510 2311 Tamphilo.
569 2262 604 2297 2.
626 2261 754 2310 Atque
777 2260 839 2297 hic
862 2267 992 2297 tantus
1015 2261 1073 2297 vir
1095 2261 1284 2311 tantisque
1305 2261 1412 2299 bellis

142 2325 332 2363 districtus
346 2325 517 2362 nomiihil
531 2325 709 2374 temporis
728 2323 861 2362 tribuit
876 2325 1019 2361 litteris.
1077 2325 1256 2374 Namque
1271 2325 1411 2374 aliquot

143 2391 221 2438 ejus
243 2390 328 2427 libri
351 2396 449 2433 sunt,
472 2389 605 2426 Graeco
633 2402 799 2426 sermone
823 2389 1002 2434 confecti;
1033 2389 1072 2426 in
1094 2389 1152 2426 his
1175 2388 1223 2426 ad
1241 2389 1410 2426 Rhodios

145 2456 188 2493 de
204 2456 264 2493 Cn
294 2455 433 2492 Manlii
447 2454 623 2491 ‘Vulsonis
637 2454 675 2491 in
693 2454 785 2491 Asia
805 2453 912 2490 rebus
931 2454 1053 2501 gestis.
1112 2455 1133 2489 3
1169 2453 1296 2501 Hujus
1309 2450 1407 2490 bella
