1575 2771
137 198 210 234 100
552 208 748 236 commml
781 209 969 236 NEPOTIS.
1274 195 1334 251 [2,
1351 201 1388 238 3.

584 413 825 451 CAPUT
863 414 930 451 II.

183 491 214 525 1.
246 488 417 525 INTEnm
445 488 567 525 Dione
592 488 783 538 Syracusis
811 488 1015 533 interfecto,
1040 488 1239 539 Dionysius
1266 503 1390 528 rursus

127 551 396 601 Syracusarum
413 552 553 601 potitus
573 558 627 589 est
645 565 651 589 :
677 553 783 600 cujus
803 553 1005 589 adversarii
1020 567 1129 603 opem
1148 567 1172 590 a
1187 553 1391 592 Corinthiis

125 616 324 664 petierunt,
354 615 572 664 ducemque,
597 629 667 664 quo
700 616 740 653 in
771 615 868 653 bello
900 623 1106 660 uterentur,
1139 618 1387 666 postularant.

125 678 213 716 Huc
238 679 436 715 Timoleon
461 679 595 716 missus
622 677 827 716 incredibili
850 679 1028 717 felicitate
1056 680 1280 730 Dionysium
1307 687 1391 718 tota

126 742 256 778 Sicilia
275 742 428 790 depulit.
486 744 521 778 2.
552 741 683 787 Quum
704 743 912 779 interficere
933 749 1065 792 posset,
1085 744 1216 788 noluit,
1236 750 1390 794 tutoque

123 810 166 840 ut
191 804 418 842 Corinthum
440 805 661 854 perveniret,
686 805 832 843 effecit:
862 807 958 854 quod
985 813 1228 856 utrorumque
1251 808 1390 858 Diony—

124 867 264 904 siorum
283 868 413 917 opibus
429 868 614 905 Corinthii
633 882 728 918 saepe
749 867 868 917 adjuti
888 869 1047 914 fuerant,
1064 871 1171 919 cujus
1183 871 1390 920 benignita·

123 931 172 969 tis
190 932 414 969 memoriam
431 931 582 969 volebat
602 939 758 976 exstare,
779 946 936 982 eamque
954 934 1175 983 praeclaram
1193 934 1391 972 victoriam

123 994 294 1040 ducebat,
324 996 364 1032 in
396 1009 470 1045 qua
501 995 584 1045 plus
616 1003 710 1033 esset
743 997 961 1040 clementiae,
991 1010 1106 1046 quam
1135 998 1388 1043 crudelitatis;

124 1066 320 1108 postremO,
336 1066 380 1096 ut
398 1073 473 1096 non
492 1060 611 1096 solum
632 1060 784 1097 auribus
804 1060 1042 1109 acciperetur,
1059 1059 1122 1098 sed
1142 1061 1257 1098 etiam
1276 1062 1390 1100 oeulis

124 1129 346 1166 cerneretur,
367 1136 479 1170 quem
502 1129 539 1159 et
562 1136 609 1159 ex
631 1130 771 1171 quanto
790 1137 902 1171 regno
923 1124 970 1160 ad
989 1137 1103 1172 quam
1122 1124 1312 1162 fortunam
1331 1124 1389 1162 de-

123 1185 300 1222 trusisset.
359 1188 393 1222 3.
424 1186 515 1222 Post
538 1186 708 1235 Dionysii
731 1187 922 1223 decessum
950 1200 1037 1224 cum
1060 1187 1201 1224 Hiceta
1221 1188 1389 1232 bellavit,

123 1250 186 1300 qui
213 1249 431 1287 adversatus
459 1250 581 1287 suerat
606 1250 806 1300 Dionysio:
837 1264 948 1300 quem
975 1264 1050 1288 non
1076 1249 1158 1288 odio
1184 1250 1391 1301 tyrannidis

123 1312 343 1357 dissensisse,
361 1315 424 1351 sed
442 1313 659 1364 cupiditate,
675 1314 809 1351 indicio
828 1315 909 1358 fuit,
930 1315 1027 1363 quod
1045 1314 1132 1364 ipse,
1154 1315 1305 1364 expulso
1324 1315 1390 1353 Di-

122 1377 257 1426 onysio,
278 1377 478 1426 imperium
497 1376 685 1414 dimittere
703 1378 834 1415 noluit.
890 1381 927 1414 4.
953 1378 1036 1414 Hoc
1060 1385 1242 1427 superato,
1265 1378 1391 1415 Timo-

122 1441 206 1478 leon
237 1441 424 1478 maximas
462 1441 585 1490 copias
619 1441 991 1490 Carthaginiensium
1029 1440 1131 1491 apud
1165 1441 1390 1479 Crimissum

122 1502 266 1539 flumen
285 1502 440 1551 fugavit,
460 1516 503 1539 ac
523 1503 613 1539 satis
631 1502 770 1539 habere
789 1503 921 1551 coegit,
942 1503 973 1539 si
991 1502 1119 1539 liceret
1138 1502 1311 1539 Africam
1330 1503 1389 1540 ob-

122 1566 249 1609 tinere,
275 1566 338 1614 qui
360 1567 444 1614 jam
473 1566 679 1615 complures
707 1579 822 1603 annos
844 1566 1108 1615 possessionem
1132 1565 1268 1602 Sicih'ae
1290 1571 1390 1602 tene-

120 1628 225 1666 bant.
284 1629 396 1678 Cepit
417 1629 534 1666 etiam
553 1629 807 1672 Mamercum,
830 1629 1012 1665 Italicum
1032 1629 1175 1672 ducem,
1196 1628 1390 1666 hominem

121 1693 337 1730 bellicosum
365 1699 403 1730 et
430 1699 631 1743 potentem,
657 1693 721 1742 qui
749 1699 926 1742 tyrannos
954 1690 1129 1741 adjutum
1155 1692 1195 1729 in
1219 1691 1388 1729 Siciliam

121 1762 288 1794 venerat.

565 1940 794 1978 CAPUT
842 1939 942 1977 III.

178 2019 210 2052 1.
232 2015 376 2061 QUIBUS
391 2013 501 2052 rebus
516 2015 692 2052 consectis
703 2028 820 2064 quum
835 2021 984 2064 propter
999 2013 1288 2050 diuturnitatem
1300 2011 1388 2050 belli

119 2092 194 2115 non
222 2079 344 2115 solum
371 2078 547 2127 regiones,
573 2077 636 2115 sed
658 2079 776 2115 etiam
803 2077 913 2114 urbes
941 2075 1104 2114 desertas
1131 2074 1284 2120 videret,
1307 2089 1389 2113 con-

119 2142 283 2191 quisivit,
308 2155 398 2191 quos
420 2142 554 2191 potuit,
578 2142 745 2191 primum
770 2142 938 2185 Siculos;
968 2138 1100 2177 deinde
1124 2139 1306 2177 Corintho
1334 2153 1388 2176 ar-

119 2207 267 2245 cessivit
290 2207 444 2250 colonos,
465 2207 562 2255 quod
585 2205 632 2243 ab
654 2206 712 2243 his
735 2205 840 2242 initio
865 2205 1056 2254 Syracusae
1084 2209 1193 2240 erant
1220 2203 1376 2240 conditae

120 2273 155 2307 2.
183 2269 340 2308 Civibus
361 2270 548 2307 veteribus
576 2283 644 2306 sua
671 2269 860 2313 restituit;
899 2268 1004 2305 novis
1031 2268 1127 2304 bello
1150 2266 1389 2304 vacuefactas

118 2334 358 2384 possessiones
377 2333 503 2370 divisit
518 2346 526 2378 ;
557 2332 707 2370 urbium
730 2332 869 2369 moenia
888 2331 1042 2380 disjecta
1064 2330 1226 2379 sanaque
1245 2329 1389 2366 deserta

119 2397 247 2434 refecit
262 2410 270 2442 3
295 2396 513 2434 civitatibus
532 2397 632 2445 leges
646 2395 932 2444 libertatemque
952 2392 1133 2448 reddidjt5
1157 2405 1204 2429 ex
1221 2391 1388 2428 maximo

119 2459 216 2497 bello
244 2467 397 2498 tantum
420 2461 539 2498 otium
563 2466 651 2498 totae
675 2460 805 2497 insulae
828 2457 1052 2501 conciliavit,
1073 2462 1116 2493 ut
1138 2455 1199 2492 hic
1222 2454 1388 2492 conditor
