1575 2771
166 168 227 223 8.]
666 177 938 205 FRAGMENTA.
1352 165 1426 202 127

580 383 821 420 CAPUT
859 383 1006 420 VIII.

218 463 251 496 1.
280 460 414 496 ALPEs
441 458 482 495 in
507 457 780 505 longitudinem
807 456 859 493 X.
885 457 943 493 M.
968 470 1063 506 pass.
1088 463 1217 506 patere
1246 470 1270 493 a
1296 470 1426 507 supero

161 522 259 560 mari
276 520 324 559 ad
342 521 515 564 inferum,
533 520 672 558 Caelius
686 519 803 556 tradit
819 533 826 556 :
853 520 1080 568 Timagenes
1094 520 1234 557 XXII.
1253 520 1311 557 M.
1328 534 1423 570 pass.

161 585 330 623 deductis
345 598 352 623 :
381 585 421 622 in
439 584 680 622 latitudinem
700 590 829 620 autem
846 583 958 620 Corn.
973 584 1101 633 Nepos
1119 590 1273 620 centum
1289 584 1360 627 M.‚
1376 584 1424 620 T.

161 649 298 687 Livius
318 648 392 686 tria
413 648 471 685 M.
493 648 710 691 stadiorum,
732 653 888 696 uterque
911 646 1066 684 diversis
1083 647 1123 684 111
1139 648 1238 684 locis.
1298 647 1424 690 Plin„

161 713 223 756 iii.²
245 714 294 749 23
315 710 412 762 (19).

214 778 249 812 2.
274 776 381 813 Inter
399 774 490 812 duos
509 776 699 824 Bosporos,
718 775 927 811 Thracium
945 781 984 811 et
1004 774 1266 818 Cimmerium,
1287 773 1425 811 directo

161 853 280 882 cursu,
303 846 348 876 ut
376 845 505 876 auctor
533 845 588 875 cst
614 839 801 887 Polybius,
826 837 895 875 K).
917 838 975 874 M.
1001 851 1096 886 pass.
1121 838 1329 882 intersunt;
1359 838 1425 874 cir·

163 903 265 939 cuitu
279 915 366 939 vero
383 902 497 938 totius
509 902 622 938 Ponti
637 902 750 938 vicies
764 902 878 938 semel
893 908 1051 937 centena
1065 901 1339 949 quinquaginta
1351 901 1423 943 M,

168 971 203 1002 it
227 971 356 1002 auctor
381 972 436 1002 est
458 965 578 1001 Varro
605 971 643 1000 et
670 964 744 1000 sere
767 971 920 1000 veteres.
978 964 1106 1011 Nepos
1131 963 1327 1000 Cornelius
1355 970 1425 1000 tre-

160 1034 270 1065 centa
287 1029 408 1064 millia
427 1027 697 1076 quinquaginta
717 1025 857 1074 adjicit.
916 1025 1043 1068 Plz'n„
1064 1026 1128 1069 iv.‚
1147 1029 1196 1062 24
1219 1027 1317 1076 (12).

212 1095 248 1129 3.
272 1092 322 1129 In
339 1105 404 1128 ora
423 1091 574 1133 Oceani,
593 1090 735 1127 colonia
752 1090 926 1138 Augusti,
943 1089 970 1126 J
972 1090 1051 1126 ulia
1067 1090 1302 1133 Constantia,
1319 1113 1373 1119 —
1388 1096 1426 1127 et

160 1156 209 1193 ab
236 1169 282 1192 ea
308 1155 490 1192 XXXII.
512 1154 570 1191 M.
592 1167 687 1203 pass.
714 1153 866 1195 colonia,
894 1166 916 1189 a
945 1152 1105 1189 Claudio
1135 1153 1283 1189 Caesare
1311 1153 1423 1197 facta,

159 1219 286 1262 Lixos,
306 1242 370 1254 —.
426 1218 493 1255 Ibi·
511 1218 614 1265 regia
636 1217 773 1259 Antaei,
795 1223 1056 1265 certamenque
1081 1230 1168 1253 curn
1191 1217 1366 1260 Hercule,
1388 1223 1426 1254 et

159 1282 411 1332 Hesperidum
429 1281 539 1318 horti.
556 1305 610 1310 —
625 1281 766 1317 Exstat
785 1279 824 1316 in
843 1293 888 1316 ea
903 1286 940 1316 et
961 1294 1027 1316 ara
1041 1281 1228 1323 Herculis,
1249 1294 1317 1317 nec
1336 1294 1426 1329 prae-

160 1352 216 1384 ter
236 1346 412 1383 oleastros
435 1343 539 1382 aliud
561 1358 607 1381 ex
633 1351 784 1380 narrato
807 1344 870 1380 1110
895 1343 1052 1380 aurifero
1075 1357 1235 1380 nemore.
1293 1344 1426 1380 Minus

159 1409 320 1459 profecto
352 1409 536 1446 mirentur
566 1414 780 1457 portentosa
808 1407 965 1444 Graeciae
997 1406 1207 1450 mendacia,
1236 1407 1281 1443 de
1313 1407 1358 1443 iis
1388 1413 1426 1444 et

161 1487 271 1511 amne
289 1473 388 1510 Lixo
410 1471 568 1522 prodita,
589 1472 654 1520 qui
676 1472 841 1520 cogitent
862 1478 1005 1508 nostros
1027 1484 1145 1520 nuper
1167 1472 1278 1520 paulo
1300 1471 1427 1507 minus

160 1535 388 1573 monstrifica
406 1536 579 1584 quaedam
597 1536 642 1571 de
660 1533 792 1571 iisdem
814 1533 1007 1571 tradidisse
1023 1547 1030 1579 ;
1061 1533 1305 1583 praevalidam
1325 1535 1426 1571 hanc

161 1598 293 1636 urbem
314 1599 566 1646 majoremque
586 1598 819 1645 Carthagine
837 1611 979 1645 magna
995 1610 1002 1641 ;
1031 1604 1211 1646 praeterea
1230 1611 1277 1634 ex
1296 1598 1424 1633 adver-

162 1676 200 1699 so
215 1662 295 1710 ejus
309 1661 421 1698 sitam
437 1667 474 1697 et
490 1674 599 1709 prope
615 1661 796 1696 immenso
812 1666 937 1696 tractu
954 1661 1000 1696 ab
1018 1660 1132 1708 Tingi
1151 1673 1157 1704 ;
1183 1673 1335 1709 quaeque
1352 1660 1427 1696 alia

164 1726 310 1763 Cornel.
328 1725 455 1774 Nepos
475 1725 685 1761 avidissime
705 1723 871 1760 credidit.
931 1724 1055 1767 Plc'n„
1077 1738 1125 1767 v.‚
1153 1728 1184 1760 1.

217 1794 252 1826 4.
283 1789 413 1838 Aliqui
440 1789 538 1825 inter
560 1789 727 1824 Pontum
751 1794 787 1824 et
813 1788 995 1836 Caspium
1018 1802 1122 1824 mare
1147 1788 1424 1824 CCCLXXV.

176 1855 221 1890 »L
238 1866 342 1902 pass.
371 1866 446 1889 non
474 1852 636 1901 amplius
664 1852 837 1888 interesse
866 1851 1125 1887 tradiderunt:
1163 1851 1274 1887 Corn.
1299 1851 1427 1900 Nepos

174 1917 283 1955 :CL
305 1916 435 1953 millia.
493 1915 619 1958 Plin„
640 1915 704 1958 vi„
726 1917 772 1951 12
795 1915 890 1965 (11).

216 1983 251 2018 5.
276 1979 454 2029 Polybius
471 1979 511 2016 in
525 1985 694 2015 extrema
710 1978 948 2015 Mauritania
966 1984 1093 2015 contra
1110 1985 1277 2015 montem
1294 1979 1426 2015 Atlan-

162 2051 242 2082 tem
257 2057 280 2081 a
295 2050 392 2080 terra
408 2041 531 2080 stadia
542 2042 647 2079 VIII
677 2041 803 2079 abesse
819 2040 978 2091 prodidit
995 2042 1153 2079 Cernen.
1169 2042 1297 2091 Nepos
1314 2043 1425 2079 Corn.

163 2121 211 2144 ex
232 2108 384 2144 adverso
406 2107 573 2143 maxime
597 2106 840 2154 Carthaginis
864 2120 887 2142 a
909 2106 1122 2142 continente
1145 2120 1275 2155 passus
1300 2106 1426 2142 mille:

165 2184 237 2207 non
253 2170 472 2219 ampliorem
486 2170 646 2206 circuitu
661 2167 803 2206 duobus
816 2168 994 2206 millibus.
1044 2169 1100 2206 Pl
1103 2170 1170 2212 in„
1185 2170 1248 2212 vi.⁷
1264 2172 1312 2205 36
1330 2169 1426 2218 (31).

219 2235 253 2270 6.
278 2233 406 2282 Nepos
425 2232 586 2276 cornel„
603 2232 666 2281 qui
685 2232 778 2269 Divi
793 2233 958 2280 Augusti
973 2232 1186 2281 principatu
1207 2232 1298 2269 obiit
1315 2245 1321 2269 :
1347 2232 1426 2275 Me,

165 2296 295 2345 inquit,
310 2296 450 2344 juvene
469 2295 636 2332 violacea
657 2308 823 2343 purpura
841 2294 1006 2342 vigebat,
1027 2296 1133 2342 cujus
1157 2295 1252 2332 libra
1271 2294 1430 2332 denariis

164 2360 328 2402 venibat,
353 2372 420 2395 nec
448 2359 567 2394 multo
595 2364 677 2406 post
705 2356 818 2393 rubra
846 2358 1067 2393 Tarentina.
1126 2359 1226 2394 Huic
1256 2358 1430 2395 successit

165 2422 329 2473 dibapha
345 2422 462 2472 Tyria
481 2422 519 2458 in
536 2421 648 2458 libras
663 2419 824 2458 denariis
838 2421 940 2457 mille
957 2434 1030 2457 non
1045 2428 1186 2470 poterat
1208 2421 1293 2458 cmi.
1342 2422 1429 2460 Hac
