1575 2771
140 209 194 245 88
563 218 760 244 CORNELII
787 216 975 242 umoris.
1279 200 1338 255 [3,
1358 207 1398 244 4.

141 307 333 357 Europaeis
353 306 571 343 adversariis
587 318 594 350 3
620 305 696 354 ipse
717 304 931 353 lEgyptum
949 309 1207 352 oppugnatum
1226 304 1402 342 adversus

140 371 387 407 Ptolemaeum
400 375 479 405 erat
494 368 688 417 profectus.
729 370 763 403 3.
783 368 974 403 Eumenes
986 380 1102 415 quum
1114 380 1232 416 neque
1244 381 1402 417 magnas

139 434 273 483 copias,
298 446 416 481 neque
445 432 573 468 firmas
600 430 766 473 haberet,
792 430 888 478 quod
916 436 953 466 et
981 430 1241 474 inexercitatae,
1266 438 1304 469 et
1328 445 1402 468 non

139 498 260 534 multo
290 503 377 533 ante
405 501 512 532 erant
541 501 767 538 eontraetze;
804 492 1008 530 adventare
1038 499 1166 530 autem
1193 493 1404 532 dicerentur

139 561 501 610 Hellespontumque
516 559 690 596 transisse
703 559 905 607 Antipater
920 564 957 594 et
972 558 1150 595 Craterus
1163 572 1299 606 magno
1315 573 1403 596 eum

139 624 304 661 exercitu
321 622 588 666 BIaeedonum,
605 623 675 659 viri
691 636 808 671 quum
825 623 1007 665 claritate,
1026 628 1111 658 tum
1127 636 1198 659 usu
1212 623 1300 659 belli
1315 637 1404 672 prae-

139 694 281 724 stantes
298 700 304 723 :
344 690 379 722 4.
402 686 645 735 (Macedones
660 700 746 722 vero
761 686 899 722 milites
915 699 959 722 ea
974 692 1065 721 tunc
1081 692 1187 722 erant
1202 686 1315 729 fama,
1330 699 1404 735 qua

138 763 239 786 nunc
263 749 430 785 Romani
452 748 644 785 seruntur:
675 750 814 785 etenim
838 762 981 797 semper
1003 748 1124 785 habiti
1148 756 1234 785 sunt
1257 750 1404 786 fortissi-

138 812 202 855 mi,
221 812 284 860 qui
304 824 495 848 summam
514 811 658 860 imperii
673 811 898 862 potirentur)
916 824 922 848 z
948 812 1139 848 Eumenes
1159 812 1403 861 intelligebat,

139 875 166 912 si
184 875 296 924 copiae
316 888 390 911 suae
411 881 638 923 cognossent,
657 873 833 911 adversus
853 888 942 923 quos
957 873 1192 918 ducerentur,
1210 889 1283 912 non
1298 877 1406 913 modo

138 952 213 975 non
231 939 359 981 ituras,
377 937 439 974 sed
459 939 573 975 simul
592 952 681 975 eum
700 939 832 975 nuntio
852 937 1070 987 dilapsuras.
1129 940 1163 974 5.
1186 939 1321 988 Itaque
1337 940 1406 976 hoc

139 1002 218 1050 ejus
236 1002 308 1038 suit
327 1000 659 1050 prudentissimum
674 1002 880 1044 eonsilium,
899 1008 942 1038 ut
962 1000 1079 1038 deviis
1098 1002 1292 1039 itineribus
1310 1004 1405 1040 mili-

139 1073 194 1102 tes
213 1064 375 1108 duceret,
394 1065 433 1101 in
452 1066 587 1113 quibus
605 1079 695 1101 vera
715 1066 843 1102 audire
858 1079 932 1101 non
951 1071 1108 1114 possent,
1126 1071 1164 1102 et
1183 1066 1240 1102 his
1258 1080 1402 1115 persua—

139 1129 251 1171 deret,
270 1142 306 1165 se
326 1134 456 1165 contra
475 1129 656 1177 quosdam
675 1128 852 1165 barbaros
867 1128 1059 1177 proficisci.
1118 1130 1152 1164 6.
1179 1129 1313 1177 Itaque
1328 1136 1404 1166 ten—

139 1192 196 1228 uit
214 1192 284 1228 hoe
307 1191 536 1241 propositum
555 1198 592 1228 et
614 1192 717 1241 prius
736 1192 775 1228 in
795 1192 915 1228 aciem
938 1191 1145 1228 exereitum
1168 1190 1297 1228 eduxit
1315 1205 1405 1241 proe-

138 1255 305 1304 liumque
334 1255 548 1298 commissit,
579 1268 695 1303 quam
722 1255 861 1292 milites
890 1255 947 1291 sui
979 1255 1125 1298 scirent,
1157 1268 1245 1292 cum
1273 1256 1407 1304 quibus

139 1331 247 1355 arma
274 1318 493 1355 conferrent.
551 1318 692 1355 Effecit
720 1319 837 1355 etiam
865 1318 959 1355 illud
986 1318 1152 1355 locorum
1175 1331 1406 1368 praeoccupa-

138 1381 250 1424 tione,
271 1388 315 1418 ut
336 1381 506 1429 equitatu
529 1382 654 1430 potius
676 1382 883 1425 dimicaret,
905 1395 976 1430 quo
998 1382 1083 1431 plus
1106 1382 1269 1425 valebat,
1291 1395 1406 1431 quam

138 1443 322 1494 peditatu,
343 1458 414 1494 quo
435 1451 516 1481 erat
535 1445 705 1481 deterior.

593 1625 835 1662 CAPUT
875 1625 957 1661 IV.

200 1705 227 1737 l.
251 1701 419 1746 QUORUM
439 1700 619 1737 acerrimo
639 1714 819 1737 concursu
839 1713 957 1749 quum
976 1712 1157 1748 magnam
1172 1706 1320 1749 partem
1335 1700 1404 1737 diei

139 1772 233 1801 esset
252 1771 474 1813 pugnatum,
496 1763 597 1800 eadit
618 1764 799 1801 Craterus
818 1763 895 1801 dux
915 1770 952 1800 et
972 1764 1252 1813 Neoptolemus,
1274 1764 1336 1813 qui
1356 1777 1407 1800 se-

138 1827 306 1864 eundum
335 1828 459 1863 locum
489 1827 633 1875 imperii
663 1828 828 1864 tenebat.
887 1827 987 1863 Cum
1018 1828 1087 1863 hoe
1118 1827 1300 1863 concurrit
1330 1828 1407 1876 ipse

139 1891 341 1926 Eumenes.
399 1892 434 1925 2.
466 1890 542 1935 Qui
572 1903 689 1938 quum
719 1890 816 1926 inter
846 1904 883 1926 se
914 1890 1098 1939 complexi
1125 1889 1164 1926 in
1192 1896 1332 1926 terram
1361 1904 1407 1927 ex

139 1953 241 2001 equis
271 1951 500 1995 decidissent,
531 1958 574 1989 ut
602 1952 710 1989 facile
744 1952 903 2001 intelligi
935 1959 1067 2001 posset,
1098 1953 1252 1989 inimica
1279 1960 1406 1990 mente

139 2014 369 2053 contendisse
393 2016 590 2065 animoque
614 2015 736 2063 magis
758 2016 875 2052 etiam
894 2029 1089 2064 pugnasse,
1112 2029 1226 2063 quam
1246 2029 1404 2065 corpore,

138 2093 212 2116 non
226 2079 329 2128 prius
344 2078 513 2115 distracti
530 2085 627 2122 sunt,
644 2093 760 2126 quam
776 2080 938 2116 alterum
955 2079 1082 2115 anima
1097 2079 1294 2128 reliquerit.
1343 2080 1406 2116 Ab

139 2143 208 2180 hoc
231 2143 372 2192 aliquot
395 2143 514 2192 plagis
537 2143 728 2179 Eumenes
751 2143 980 2185 vulneratur,
1002 2156 1119 2191 neque
1143 2156 1184 2179 eo
1212 2142 1332 2190 magis
1360 2155 1405 2179 ex

138 2206 264 2257 proelio
287 2207 452 2249 excessit,
474 2205 538 2243 sed
561 2207 682 2243 aerius
704 2207 827 2243 hostes
849 2207 997 2243 institit.
1056 2209 1091 2243 3.
1121 2207 1197 2243 Hic
1220 2205 1406 2255 equitibus

138 2270 354 2320 profligatis,
375 2270 568 2307 interfecto
587 2269 681 2307 duee
703 2270 868 2314 Cratero,
889 2270 1018 2307 multis
1041 2276 1220 2319 praeterea.
1243 2276 1280 2306 et
1301 2283 1406 2307 max-

139 2334 214 2371 ime
232 2333 418 2376 nobilibus
437 2334 567 2384 captis,
589 2335 756 2387 pedester
775 2334 970 2377 exercitus,
988 2334 1084 2383 quod
1103 2333 1142 2370 in
1161 2346 1206 2370 ea
1224 2334 1306 2370 loca
1324 2339 1405 2370 erat

139 2397 330 2442 deductus,
355 2404 398 2434 ut
421 2398 539 2435 invito
563 2399 735 2435 Eumene
758 2397 856 2435 elabi
878 2411 953 2435 non
975 2404 1105 2448 posset,
1130 2410 1262 2446 pacem
1291 2395 1339 2433 ab
1361 2409 1403 2433 eo

139 2461 257 2509 petiit.
315 2460 443 2506 Quam
469 2474 586 2511 quum
609 2461 855 2512 impetrasset,
881 2461 920 2498 in
942 2459 1014 2497 fide
1036 2473 1110 2497 non
1132 2459 1272 2496 mansit
1293 2465 1331 2496 et
1352 2471 1402 2502 se,
