1575 2771
163 185 243 223 122
583 195 780 221 conxerat
806 195 994 221 NEPQTIS.
1297 177 1358 232 [3,
1377 184 1419 220 4.

210 283 368 334 Propius
383 283 645 320 Grammatico
665 282 812 320 accessi.
852 281 1066 324 Diomedes,
1082 281 1107 317 l.
1124 280 1148 318 i.
1188 280 1418 325 Grammat„

157 361 193 400 p.
215 349 304 384 405.

212 414 247 448 3.
269 411 440 454 Albinus,
458 409 521 459 qui
540 423 629 446 eum
647 409 695 446 L.
714 409 876 446 Lucullo
900 408 1027 445 consul
1046 407 1128 451 suit,
1149 421 1207 445 res
1224 408 1422 446 Romanas

158 475 322 513 oratione
338 474 474 511 Graeca
489 473 726 522 scriptitavit.
774 473 822 509 In
841 473 921 520 ejus
935 471 1095 508 historiae
1113 471 1293 521 principio
1312 472 1421 522 serip-

158 545 243 576 tum
262 545 317 575 est
337 536 385 574 ad
403 538 501 574 hanc
520 537 746 574 sententiam
762 549 768 573 :
800 535 1008 574 Neminem
1025 546 1234 572 succensere
1251 535 1322 572 sibi
1340 547 1422 572 con-

158 602 297 645 venire,
318 601 351 637 si
379 601 477 649 quid
503 601 550 637 in
575 600 636 636 liis
662 599 771 637 libris
791 611 940 648 parum
967 598 1174 647 composite,
1198 603 1270 635 aut
1290 597 1424 634 minus

158 665 349 713 eleganter
370 662 557 712 §criptum
568 664 685 712 foret.
744 664 854 700 lVam
875 675 971 706 sum,
996 662 1127 711 inquit,
1150 661 1260 698 homo
1279 661 1424 698 Roma-

157 739 243 769 nus,
273 733 390 762 natus
418 726 463 761 in
493 725 614 762 Latio
627 739 644 768 ,·
684 725 820 762 Groeea
847 725 971 762 oratio
997 738 1024 762 a
1051 724 1156 762 nobis
1183 724 1425 761 alienissima

159 796 221 826 est.
278 787 440 837 Ideoque
473 789 625 824 veniam
657 788 894 837 gratiamque
926 789 1036 824 malae
1069 788 1364 831 existimationis,
1394 787 1425 824 si

159 853 249 902 quid
276 859 370 890 esset
403 858 582 895 erratum,
611 852 829 901 postulavit.
886 852 949 888 Ea
976 864 1094 900 quum
1125 851 1273 899 legisset
1302 850 1424 887 Cato:

159 929 221 954 πω
249 923 303 960 tu,
327 916 459 964 inquit,
482 915 594 959 Aule,
623 915 798 952 nimium
824 921 995 963 nugator
1022 926 1067 957 es,
1097 926 1222 962 quum
1247 912 1427 950 maluisti

160 979 222 1017 cul
217 992 315 1028 pam
338 978 544 1027 deprecari,
565 991 686 1027 quom
708 977 771 1014 cul
766 991 824 1026 pa
845 990 993 1015 vacare.
1051 978 1161 1014 ZVam
1176 983 1304 1026 petere
1324 976 1427 1014 veni-

159 1056 227 1080 am
248 1042 416 1085 solemus,
436 1048 508 1078 aut
530 1053 654 1090 quum
675 1041 938 1089 imprudentes
961 1040 1188 1083 erravimus,
1208 1046 1281 1076 aut
1303 1051 1427 1088 quum

160 1105 344 1154 compulsi
358 1105 610 1154 peccavimus.
659 1104 758 1147 Tibi,
779 1104 909 1152 inquit,
930 1116 994 1140 oro
1013 1110 1057 1146 te,
1078 1102 1167 1151 quis
1179 1100 1366 1151 perpulit,
1382 1108 1427 1139 ut

160 1170 207 1206 id
223 1169 481 1211 committeres,
497 1168 600 1216 quod
613 1167 851 1216 priusquam
858 1168 1019 1216 faceres,
1034 1172 1188 1214 petereS,
1203 1171 1250 1201 ut
1267 1165 1418 1213 ignosce

161 1239 279 1270 retu-r.
339 1232 530 1281 Scriptum
555 1232 625 1268 hoe
648 1238 704 1268 est
727 1231 766 1268 in
793 1229 887 1267 libro
911 1230 1022 1267 Corn.
1045 1229 1205 1279 Nepotis
1227 1227 1273 1265 de
1294 1228 1419 1265 illustr

163 1296 263 1333 viris.
326 1295 436 1339 Geli,
457 1296 522 1339 xi„
545 1297 579 1339 8,
596 1302 680 1338 εἴα,
702 1301 739 1332 et
759 1293 940 1338 Illam-ob„
963 1294 1129 1336 Satura„
1150 1305 1313 1342 prooem.,
1334 1297 1431 1332 extr-

166 1361 348 1410 [Fisoher,
363 1359 525 1407 margini
543 1360 581 1396 h.
595 1360 620 1395 l.
636 1359 832 1408 adscripsit
846 1371 854 1403 ;
880 1357 1048 1400 Hieron„
1065 1356 1177 1405 Epp.‚
1195 1354 1219 1392 f.
1238 1356 1323 1398 116,
1336 1360 1428 1392 tom.

163 1424 201 1468 i.‚
222 1423 399 1468 Erasmi;
429 1423 490 1460 De
511 1423 686 1472 Scriptor.
708 1422 865 1465 Eccles.‚
886 1421 910 1458 f.
929 1422 991 1464 76,
1011 1423 1048 1464 4,
1069 1426 1158 1457 tom.
1183 1418 1253 1468 iii.]

615 1593 648 1631 C
664 1594 702 1630 A
718 1594 750 1630 P
767 1593 806 1630 U
823 1593 859 1629 T
898 1593 919 1629 Ι
931 1592 979 1628 V.

399 1666 480 1708 DE
502 1666 650 1708 VITA
676 1665 995 1708 CICERONIS
1022 1664 1130 1706 LIB.
1154 1664 1184 1705 1.

222 1748 254 1781 1.
281 1744 504 1781 ComOELu‘s
527 1743 674 1786 NEPOS,
698 1749 736 1780 et
763 1755 890 1779 rerum
917 1741 1104 1778 memoriae
1126 1754 1201 1778 non
1222 1738 1429 1790 indiligens,

165 1815 203 1845 et
226 1808 284 1845 M.
303 1807 502 1850 Ciceronis,
526 1812 571 1843 ut
593 1806 657 1855 qui
680 1806 858 1849 maxime,
884 1805 1026 1842 amicus
1053 1803 1321 1853 familiarisque
1349 1804 1421 1841 suit

166 1873 294 1919 Atque
317 1871 348 1907 is
369 1877 500 1907 tamen
521 1870 562 1906 in
582 1869 703 1918 primo
725 1868 915 1911 librorum,
937 1881 1027 1916 quos
1046 1865 1092 1904 de
1110 1867 1192 1903 vita
1213 1867 1315 1904 illius
1337 1880 1420 1903 com

166 1934 301 1984 posuit,
322 1946 460 1970 errasse
480 1931 639 1975 videtur,
661 1945 779 1981 quum
798 1945 885 1968 eum
904 1930 1048 1980 scripsit
1066 1936 1140 1967 tres
1159 1936 1196 1966 et
1215 1929 1351 1977 viginti
1371 1942 1420 1965 an

165 2010 231 2034 nos
249 2003 395 2038 natum,
412 1995 574 2044 primam
589 2008 744 2032 eausam
758 1994 889 2043 judicii
904 1993 1043 2044 publici
1059 1994 1183 2042 egisse,
1203 1994 1434 2042 Sextumque

166 2060 350 2100 Roscium
364 2059 552 2108 parricidii
567 2072 672 2095 reum
688 2058 898 2095 defendisse.
949 2056 1058 2101 Geli,
1071 2070 1147 2101 xv„
1163 2058 1224 2101 28,
1239 2070 1294 2106 pr.
1337 2056 1435 2094 Vide

172 2123 330 2160 Wetzel.

222 2188 257 2222 2.
283 2185 445 2222 Frustra
463 2184 637 2222 Tullium
661 2184 892 2234 suspicimus.
949 2183 1085 2221 Refert
1108 2182 1208 2220 enim
1229 2182 1340 2220 Corn.
1358 2182 1435 2219 Ne—

169 2263 242 2300 pos,
263 2262 301 2286 se
326 2254 517 2298 praesente,
538 2248 669 2285 iisdem
696 2261 801 2298 paene
824 2246 956 2291 verbis,
977 2246 1112 2296 quibus
1133 2246 1236 2283 edita
1263 2251 1329 2290 est,
1350 2257 1436 2282 eam

168 2326 233 2362 pro
246 2311 428 2354 Cornelio,
445 2309 614 2348 seditioso
629 2311 788 2355 tribuno,
805 2310 1055 2348 defensionem
1069 2315 1292 2362 peroratam.
1339 2307 1434 2346 Hio-

168 2387 264 2420 ron„
284 2375 390 2426 epist.
410 2375 515 2420 lxxi„
536 2375 584 2412 ad
602 2374 910 2419 Pammachium,
929 2387 961 2413 o.
982 2376 1020 2412 4.
