1575 2771
150 204 212 260 7.]
587 220 630 246 11.
662 219 990 247 THEMISTOCLES.
1365 210 1415 249 13

585 426 827 463 CAPUT
865 425 980 462 VII.

206 504 238 537 1.
269 500 570 538 TflmnsrocLES
599 507 738 544 autem,
763 506 806 537 ut
834 498 1149 537 Lacedaemonem
1172 499 1287 543 venit,
1314 497 1415 537 adire

149 561 199 601 ad
220 564 466 612 magistratus
487 564 618 607 noluit,
640 570 678 600 et
697 562 799 600 dedit
822 576 985 612 operam,
1006 569 1050 600 ut
1069 576 1183 612 quam
1205 562 1415 611 longissime

149 634 298 677 tempus
317 626 479 671 duceret,
502 641 656 664 causam
675 627 921 676 interponens,
944 640 981 663 se
1004 627 1164 675 collegas
1186 633 1413 676 exspectare,

148 705 266 741 quum
281 689 559 728 Lacedaemonii
574 697 827 740 quererentur,
844 705 934 740 opus
949 690 1192 728 nihilominus
1207 690 1298 734 fieri,
1315 704 1416 727 eum·

148 768 219 804 que
246 754 285 791 in
312 768 358 791 ea
379 768 418 791 re
441 754 567 791 conari
589 754 729 791 fallere.
788 757 823 790 2.
854 754 1015 791 Interim
1037 754 1169 802 reliqui
1191 754 1307 802 legati
1329 760 1418 792 sunt

148 818 347 855 consecuti.
404 819 442 854 A
461 817 595 866 quibus
617 831 734 866 quum
758 816 930 860 audisset,
952 831 1026 854 non
1044 818 1211 854 multum
1230 831 1416 866 superesse

148 881 375 925 munitionis,
393 880 442 918 ad
460 882 615 930 ephoros
629 879 1002 917 Lacedaemoniorum
1022 880 1186 923 accessit,
1201 894 1313 929 penes
1328 894 1416 929 quos

149 959 340 983 summum
360 945 559 994 imperium
579 951 671 987 erat,
694 951 805 992 atque
826 943 925 992 apud
945 958 1004 980 eos
1023 942 1224 987 contendit,
1245 944 1341 980 falsa
1360 944 1417 980 his

149 1022 225 1046 esse
247 1007 397 1052 delata;
427 1021 541 1056 quare
564 1020 714 1056 aequum
736 1020 824 1049 esse,
846 1007 927 1042 illos
949 1007 1046 1043 Viros
1067 1005 1181 1043 bonos
1203 1005 1416 1055 nobilesque

147 1072 309 1115 mittere,
326 1070 461 1121 quibus
475 1069 566 1107 fides
580 1069 793 1113 haberetur,
811 1070 874 1119 qui
889 1083 969 1106 rem
989 1071 1224 1119 explorarent
1240 1083 1248 1115 ;
1273 1069 1418 1107 interea

148 1149 186 1174 se
205 1133 370 1173 obsidem
388 1134 603 1172 retinerent.
661 1136 696 1170 3.
723 1134 864 1170 Gestus
884 1139 939 1170 est
959 1133 993 1170 ei
1011 1147 1101 1177 mos,
1123 1140 1269 1182 tresque
1288 1133 1415 1182 legati,

148 1199 268 1237 functi
287 1199 443 1236 summis
457 1197 667 1241 honoribus,
686 1198 859 1235 Athenas
878 1197 980 1234 missi
1000 1204 1099 1234 sunt.
1149 1197 1251 1235 Cum
1269 1198 1328 1235 his
1347 1199 1417 1235 col-

148 1263 250 1312 legas
276 1276 358 1299 suos
381 1262 653 1299 Themistocles
670 1261 782 1310 jussit
805 1261 996 1311 proficisci,
1020 1262 1143 1311 eisque
1166 1261 1349 1311 praedixit,
1373 1268 1417 1299 ut

147 1340 195 1364 ne
222 1326 324 1376 prius
352 1325 725 1364 Lacedaemoniorum
751 1326 895 1373 legatos
923 1323 1169 1369 dimitterent,
1199 1339 1315 1374 quam
1340 1325 1417 1374 ipse

147 1397 244 1428 esset
262 1390 446 1428 remissus.
503 1393 539 1426 4.
570 1390 651 1426 Hos
670 1395 869 1438 postquam
889 1390 1061 1426 Athenas
1083 1389 1292 1438 pervenisse
1313 1395 1418 1426 ratus

148 1461 215 1498 est,
237 1453 286 1491 ad
307 1454 575 1502 magistratum
597 1459 844 1501 senatumque
867 1451 1240 1490 Lacedaemoniorum
1264 1451 1357 1489 adiit
1379 1459 1417 1489 et

149 1516 249 1568 apud
275 1531 335 1554 eos
361 1517 549 1554 liberrime
576 1516 757 1566 professus
785 1522 864 1553 est:
894 1516 1143 1553 Athenienses
1166 1529 1230 1553 suo
1254 1516 1414 1559 consilio,

148 1580 246 1631 quod
272 1581 463 1618 communi
484 1581 570 1629 jure
598 1580 770 1628 gentium
797 1580 918 1617 facere
946 1586 1106 1629 possent,
1127 1578 1213 1617 deos
1238 1579 1415 1629 publicos,

149 1657 304 1694 suosque
326 1645 465 1693 patrios
489 1657 532 1681 ac
554 1650 719 1693 penates,
741 1657 812 1692 quo
831 1643 977 1680 facilius
1000 1644 1048 1680 ab
1067 1644 1172 1680 hoste
1191 1649 1338 1692 possent
1358 1642 1416 1680 de-

149 1706 308 1751 fendere,
324 1707 442 1744 muris
461 1707 611 1756 sepsisse
627 1719 635 1752 ;
664 1719 784 1755 neque
803 1706 842 1742 in
861 1720 913 1749 e0,
931 1705 1028 1754 quod
1046 1706 1180 1743 inutile
1199 1712 1294 1743 esset
1314 1706 1418 1743 Grae-

149 1772 226 1816 ciae,
247 1771 384 1809 fecisse.
443 1773 478 1808 5.
508 1771 616 1807 Nam
634 1770 783 1806 illorum
801 1768 935 1806 urbem
952 1775 996 1806 ut
1015 1769 1340 1818 propugnaculum
1358 1783 1418 1818 op-

148 1836 312 1886 positum
334 1849 411 1872 csse
432 1834 611 1878 barbaris,
634 1832 735 1883 apud
756 1847 872 1882 quam
889 1833 974 1881 jam
995 1832 1052 1870 bis
1075 1834 1209 1870 classes
1231 1833 1352 1881 regias
1370 1833 1418 1870 se-

149 1899 240 1937 cisse
258 1898 510 1946 naufragium.
569 1899 604 1934 6.
630 1895 936 1934 Lacedaemonios
956 1902 1086 1933 autem
1104 1897 1205 1933 male
1224 1902 1262 1933 et
1280 1896 1418 1945 injuste

149 1963 281 2006 facere,
302 1962 366 2012 qui
388 1960 427 1999 id
448 1961 572 2011 potius
593 1961 839 2004 intuerentur,
861 1958 959 2010 quod
977 1960 1141 2010 ipsorum
1161 1959 1416 2005 dominationi,

149 2040 266 2077 quam
280 2024 377 2075 quod
395 2025 577 2062 universae
598 2024 754 2062 Graeciae
777 2024 870 2061 utile
892 2030 999 2061 esset.
1056 2023 1195 2070 Quare,
1217 2023 1246 2060 si
1269 2037 1351 2061 suos
1370 2024 1419 2061 le-

150 2096 257 2139 gatos
271 2089 432 2139 recipere
445 2089 598 2132 vellent,
615 2101 704 2137 quos
720 2088 894 2125 Athenas
908 2087 1100 2131 miserant,
1118 2101 1156 2125 se
1171 2087 1418 2132 remitterent,

153 2153 261 2192 aliter
279 2153 361 2191 illos
378 2164 589 2202 numquam
607 2152 647 2189 in
665 2151 833 2202 patriam
851 2150 1047 2202 recepturi.
