1575 2771
167 205 205 249 6,
229 202 289 258 7.]
655 221 679 245 1.
715 221 952 246 ΜιιιΓιΑοεε.
1409 213 1433 248 7

166 305 424 349 Athenienses,
443 313 485 344 ut
499 306 767 358 decemplicem
782 323 983 346 numerum
998 309 1163 346 hostium
1178 310 1430 358 profliga1·int;

164 366 327 418 adeoque
345 376 637 419 perterruerunt,
654 378 698 409 ut
714 373 837 409 Persae
857 386 931 409 non
950 379 1085 416 castra,
1103 371 1166 409 sed
1185 386 1301 410 naves
1319 375 1432 422 petie-

162 431 249 469 rint.
305 433 392 479 Qua
412 448 540 483 pugna
558 436 652 472 nihil
673 434 795 472 adhue
819 443 874 473 est
893 435 1076 481 nobilius;
1106 437 1212 473 nulla
1230 436 1333 474 enim
1348 450 1431 488 ,um-

161 509 277 545 quam
295 502 379 534 tam
398 498 534 547 exigua
553 512 689 536 manus
708 505 836 537 tantas
855 513 940 549 opes
958 500 1174 550 prostravit.

613 695 858 732 CAPUT
896 695 978 732 VI.

215 772 248 805 1.
281 768 404 807 Cmvs
432 769 596 807 victoriae
623 784 699 806 non
729 770 894 807 alienum
918 769 1067 807 videtur
1095 771 1204 820 quale
1232 771 1430 820 praemium

150 831 330 869 'Miltiadi
363 833 410 870 sit
439 833 636 877 tributiun,
667 833 806 877 docere,
838 849 908 883 quo
937 834 1082 872 facilius
1109 835 1270 883 intelligi
1302 835 1427 884 possit,

157 895 331 933 eamdem
364 897 534 934 omnium
571 898 772 934 civitatum
810 912 886 934 esse
919 905 1110 935 naturam.
1170 901 1205 934 2.
1236 899 1294 935 Ut
1328 899 1429 935 enim

157 961 284 1009 populi
316 961 432 997 nostri
459 961 615 997 honores
643 959 831 1009 quondam
860 961 1012 997 fuerunt
1041 961 1116 997 rari
1144 967 1182 997 et
1210 967 1351 1004 tenues,
1382 961 1429 997 ob

157 1037 314 1072 eamque
339 1037 494 1060 eausam
517 1024 686 1072 gloriosig
716 1038 817 1061 nunc
838 1030 968 1061 autem
988 1024 1093 1061 effusi
1113 1030 1226 1073 atque
1249 1023 1426 1062 obsoleti;

157 1087 209 1124 sic
237 1087 326 1124 olim
355 1086 455 1136 apud
484 1087 734 1124 Athenienses
762 1087 872 1124 fuisse
906 1088 1122 1137 reperimus.
1181 1090 1217 1124 3.
1247 1088 1427 1138 Namque

156 1151 243 1188 huic
277 1150 459 1195 Miltiadi,
490 1151 553 1200 qui
584 1152 758 1188 Athenas
792 1158 986 1200 totamque
1016 1151 1207 1188 Graeciam
1234 1151 1425 1196 liberarat,

156 1215 243 1252 talis
271 1216 385 1252 honos
418 1216 583 1253 tributus
616 1223 672 1253 est
701 1216 741 1252 in
768 1216 925 1265 porticu,
951 1230 1031 1264 quae
1060 1216 1233 1265 Ποικίλη
1256 1223 1424 1260 vocatur,

156 1293 273 1328 quum
294 1293 423 1329 pugna
446 1278 709 1329 depingeretur
733 1280 992 1321 Marathonia,
1018 1287 1061 1317 ut
1084 1280 1123 1317 in
1146 1279 1275 1317 decem
1296 1287 1425 1330 praeto-

159 1357 239 1380 rum
266 1357 422 1380 numero
450 1344 573 1393 prima
601 1344 680 1392 ejus
708 1344 833 1392 imago
856 1350 1066 1393 poneretur,
1087 1344 1190 1393 isque
1211 1345 1427 1381 hortaretur

155 1407 292 1444 milites
328 1408 573 1457 proeliumque
612 1408 876 1445 committeret.
935 1411 971 1444 4.
1007 1406 1117 1445 Idem
1154 1406 1217 1445 ille
1254 1409 1422 1458 populus,

153 1478 398 1522 posteaquam
418 1472 541 1520 majus
560 1472 761 1521 imperium
781 1479 836 1508 est
855 1478 999 1516 nactus,
1018 1478 1056 1509 et
1074 1472 1272 1520 largitione
1290 1472 1425 1521 magis-

153 1541 327 1572 tratuum
346 1542 541 1585 corruptus
561 1543 627 1579 est,
649 1542 837 1573 trecentas
860 1542 1007 1573 statuas
1027 1536 1221 1573 Demetrio
1241 1537 1424 1574 Phalereo

153 1597 329 1636 decrevit.

592 1772 835 1809 CAPUT
874 1772 988 1809 VII.

210 1850 242 1884 1.
273 1847 377 1884 Pos'r
399 1847 470 1884 hoe
492 1847 666 1896 proelium
689 1847 846 1884 classem
868 1847 1110 1896 septuaginta
1128 1848 1287 1885 navium
1306 1849 1423 1886 Athe-

153 1910 297 1948 nienses
324 1909 446 1948 eidem
474 1909 646 1948 Miltiadi
673 1909 865 1954 dederunt,
890 1917 934 1948 ut
962 1911 1113 1955 insulas,
1138 1925 1218 1961 quae
1245 1911 1424 1949 barbaros

155 1972 390 2023 adjuverant,
412 1974 510 2012 bello
533 1981 825 2024 persequeretur.
882 1975 968 2020 Quo
990 1975 1144 2025 imperio
1163 1976 1356 2025 plerasque
1377 1975 1424 2013 ad

154 2037 320 2075 officium
342 2037 460 2075 redire
483 2038 615 2087 coegit,
637 2039 835 2075 nonnullas
854 2038 893 2075 vi
916 2039 1160 2088 expugnavit.
1218 2042 1253 2076 2.
1285 2040 1348 2077 Ex
1366 2040 1424 2077 his

154 2101 299 2139 Parum
326 2102 500 2146 insulam,
525 2102 656 2152 opibus
679 2103 832 2146 elatam,
857 2116 974 2151 quum
996 2103 1162 2140 oratione
1185 2103 1421 2140 reconciliare

155 2179 229 2203 non
246 2173 378 2216 posset,
396 2166 520 2216 copias
543 2180 563 2204 e
582 2167 742 2204 navibus
765 2165 905 2210 eduxit,
926 2167 1059 2204 urbem
1081 2166 1252 2216 operibus
1275 2167 1410 2204 clausit

155 2229 328 2278 omnique
351 2237 565 2267 commeatu
587 2230 778 2280 privavit;
809 2228 941 2267 deinde
963 2230 1083 2267 vineis
1106 2244 1150 2267 ac
1173 2229 1419 2267 testudinibus

155 2293 377 2336 constitutis,
398 2294 548 2343 propius
566 2306 692 2331 muros
712 2294 878 2331 accessit.
936 2296 971 2330 3.
1003 2294 1135 2340 Quum
1148 2295 1234 2342 jam
1251 2294 1291 2331 in
1309 2307 1351 2331 eo
1371 2308 1418 2332 es-

155 2363 221 2400 set,
244 2363 287 2393 ut
314 2355 446 2406 oppido
474 2357 666 2405 potiretur,
687 2358 817 2406 procul
844 2357 883 2393 in
911 2358 1119 2394 continenti
1145 2358 1263 2401 lucus,
1285 2358 1349 2406 qui
1376 2371 1418 2396 ex

153 2421 277 2458 insula
295 2420 601 2470 conspiciebatur,
623 2421 744 2457 nescio
764 2434 834 2470 quo
858 2434 958 2463 casu,
979 2427 1160 2458 nocturno
1183 2427 1350 2471 tempore
1368 2422 1421 2460 in·

151 2499 283 2523 census
305 2491 371 2522 est.
430 2485 549 2534 Cujus
569 2485 727 2522 flamma
751 2491 791 2522 ut
817 2484 865 2522 ab
888 2484 1081 2534 oppidanis
1103 2491 1140 2523 et
1160 2486 1420 2536 oppugnatori-
