1575 2771
383 488 467 543 II.
541 488 1208 546 THEMISTOGLES.

216 673 249 707 1.
272 670 585 715 Tamrrs'rOCLEs,
599 672 750 709 Neoclis
766 673 874 717 filius,
892 674 1145 711 Atheniensis.
1194 675 1322 723 Hujus
1334 675 1424 713 vitia

159 733 320 771 ineuntis
340 733 595 772 adolescentiae
615 736 764 784 magnis
783 743 871 774 sunt
887 736 1090 774 emendata
1105 737 1319 782 virtutibus,
1337 737 1427 776 adeo

158 802 202 834 ut
222 797 453 835 anteferatur
467 798 554 835 huie
573 812 693 843 nemo,
714 799 826 849 pauci
845 813 953 849 pares
972 806 1163 849 putentur.
1222 804 1257 837 2.
1285 800 1361 838 Sed
1379 803 1427 839 ab

157 864 265 901 initio
282 871 338 901 est
352 864 586 901 ordiendum.
636 865 748 900 Pater
763 865 844 912 ejus
861 864 1022 900 Neocles
1037 876 1240 912 generosus
1255 862 1339 900 fuit.
1392 862 1429 900 Is

157 941 316 965 uxorem
332 928 664 965 Halicarnassiam
679 928 803 964 civem
819 928 940 970 duxit,
959 941 1006 964 ex
1028 941 1105 976 qua
1125 933 1239 964 natus
1255 932 1313 963 est
1330 926 1428 964 The-

157 992 356 1029 mistocles.
403 992 483 1032 Qui
499 1006 616 1041 quum
632 992 758 1029 minus
773 997 871 1028 esset
886 992 1067 1040 probatus
1083 991 1315 1040 parentibuS,
1330 990 1429 1039 quod

156 1061 195 1092 et
218 1055 373 1092 liberius
397 1056 568 1098 vivebat,
587 1062 626 1093 et
648 1069 727 1092 rem
754 1055 984 1092 familiarem
1011 1055 1244 1103 negligebat,
1269 1068 1292 1091 a
1317 1060 1427 1104 patre

157 1112 405 1151 exheredatus
432 1120 499 1151 est.
558 1116 593 1151 3.
625 1114 718 1160 Quae
748 1115 976 1152 contumelia
1002 1129 1078 1153 non
1105 1116 1216 1165 fregit
1243 1131 1342 1161 eum,
1364 1116 1428 1154 sed

157 1178 287 1215 erexit.
343 1178 452 1215 Nam
479 1192 596 1227 quum
619 1177 836 1227 judicasset,
858 1179 935 1216 sinc
964 1193 1114 1216 summa
1141 1179 1327 1218 industria
1353 1195 1429 1218 non

157 1255 260 1291 posse
279 1255 365 1279 eam
384 1242 583 1290 exstingui,
605 1248 730 1279 totum
749 1256 787 1279 se
807 1241 947 1280 dedidit
969 1243 1192 1292 reipublicae,
1213 1243 1429 1293 diligentius

157 1305 288 1343 amieis
310 1306 493 1355 famaeque
516 1306 690 1343 serviens.
747 1307 922 1343 Effultum
944 1307 984 1343 in
1000 1305 1152 1355 judiciis
1173 1308 1331 1357 privatis
1349 1322 1429 1345 ver-

156 1371 310 1408 sabatur
325 1383 334 1416 ;
359 1384 454 1420 saepe
469 1371 509 1408 in
524 1370 738 1408 concionem
753 1371 880 1420 populi
895 1369 1068 1420 prodibat
1083 1384 1090 1417 ;
1115 1372 1222 1408 nulla
1236 1385 1295 1409 res
1309 1373 1430 1421 major

156 1435 235 1473 sine
263 1448 305 1472 eo
333 1436 533 1484 gerebatur
559 1434 811 1484 celeriterque,
833 1449 915 1484 quae
943 1449 1035 1484 opus
1063 1442 1181 1480 erant,
1206 1436 1427 1485 reperiebat.

157 1502 194 1536 4.
219 1499 354 1548 Neque
372 1499 497 1536 minus
516 1499 555 1536 in
573 1499 683 1536 rebus
697 1497 868 1547 gerendis
886 1506 1066 1548 promtus,
1084 1513 1200 1548 quam
1219 1500 1430 1549 excogitan-

157 1561 224 1607 dis,
248 1569 340 1606 erat,
365 1561 463 1612 quod
490 1569 528 1599 et
551 1561 597 1599 de
620 1563 848 1600 instantibus
871 1561 931 1613 (ut
960 1562 1014 1600 ait
1038 1562 1295 1615 Thucydides)
1318 1563 1430 1600 veris-

158 1626 250 1663 sime
268 1624 475 1674 judicabat,
501 1632 539 1662 et
562 1624 607 1662 de
630 1625 766 1662 futuris
789 1624 1026 1662 callidissime
1055 1626 1288 1674 conjiciebat.
1344 1626 1430 1672 Quo

159 1689 303 1727 factum
322 1695 388 1733 est,
409 1695 453 1726 ut
471 1687 578 1725 brevi
597 1695 764 1738 tempore
782 1688 1046 1725 illustraretur.

620 1880 864 1918 CAPUT
902 1881 969 1919 II.

215 1960 248 1994 1.
278 1957 428 1994 PRIMUS
448 1961 580 1993 autem
598 1954 736 2004 gradus
755 1955 827 1993 fuit
846 1954 1078 2005 capessendae
1099 1955 1311 2006 reipublicae
1330 1956 1428 1995 bello

160 2020 354 2070 Corcyraeo
374 2033 381 2058 :
412 2018 461 2057 ad
487 2018 585 2069 quod
611 2018 819 2068 gerendum
846 2026 982 2069 praetor
1006 2033 1029 2057 a
1050 2021 1186 2070 populo
1208 2020 1333 2059 factus
1354 2035 1428 2061 non

158 2085 280 2122 solum
301 2084 475 2134 praesenti
496 2082 604 2127 bello,
625 2082 690 2120 scd
712 2083 830 2120 etiam
857 2084 996 2132 reliquo
1024 2090 1192 2134 tempore
1214 2084 1427 2123 ferociorem

158 2146 319 2184 reddidit
337 2147 546 2184 civitatem.
597 2149 631 2183 2.
653 2147 761 2184 Nam
780 2160 898 2196 quum
916 2147 1078 2196 pecunia
1095 2147 1259 2197 publica,
1281 2162 1362 2197 qua>
1382 2162 1428 2187 ex

159 2211 323 2248 metallis
337 2209 493 2254 redibat,
510 2210 706 2258 largitione
722 2211 1018 2258 magistratuum
1032 2212 1234 2260 quotannis
1248 2212 1427 2256 interiret,

160 2269 222 2311 dle
244 2274 428 2323 persuasit
450 2274 597 2323 populo,
623 2280 665 2310 ut
688 2287 733 2310 ea
755 2274 916 2322 pecunia
937 2275 1066 2311 elassis
1093 2281 1249 2312 centum
1270 2275 1428 2314 navium

160 2336 418 2374 aedificaretur.
475 2338 512 2374 3.
543 2336 632 2382 Qua
659 2337 827 2373 celeriter
854 2337 998 2380 effecta,
1023 2338 1188 2386 primum
1217 2338 1430 2387 Corcyraeos

161 2400 282 2449 fregit,
302 2398 445 2444 deinde,
462 2399 672 2436 maritimos
691 2398 879 2449 praedones
899 2399 1155 2444 consectando,
1172 2414 1278 2439 mare
1301 2407 1427 2440 tutum

163 2463 332 2504 reddidit.
391 2464 439 2502 In
461 2477 532 2513 quo
555 2470 639 2501 tum
662 2462 803 2501 divitiis
825 2463 985 2507 ornavit,
1008 2470 1093 2502 tum
1115 2464 1234 2502 etiam
1256 2465 1426 2515 peritissi-

756 2526 789 2562 A
817 2529 839 2562 2
