1575 2771
125 201 165 244 2,
187 198 246 252 3.]
588 212 644 238 XI.
680 211 933 239 immutares.
1337 203 1389 240 53

123 313 230 336 orum
249 299 444 349 intercepit
462 313 468 337 :
499 299 591 349 quod
616 301 781 338 maxime
804 307 886 338 tota
904 300 1134 337 celebratum
1153 306 1209 336 est
1229 300 1388 337 Graecia.

123 362 272 399 Iterum
291 361 420 400 eodem
435 362 532 400 bello
551 377 678 401 omnes
697 365 820 413 copias
839 378 968 401 eorum
983 363 1140 412 fugavit.
1189 363 1274 408 Quo
1293 364 1390 400 sacto

122 438 304 473 magnam
325 425 482 475 adeptus
501 433 556 464 est
575 428 744 475 gloriam.
793 431 829 463 4.
852 427 982 472 Quum
1002 428 1231 463 Artaxerxes
1247 427 1390 476 AEgyp-

122 488 174 525 tio
196 489 275 537 regi
296 490 439 526 bellum
460 490 595 527 inferre
617 491 748 534 voluit,
770 490 1003 539 Iphicratem
1027 491 1074 527 ab
1097 490 1391 527 Atheniensibus

121 552 257 601 petivit
285 551 429 596 ducem,
454 566 565 602 quem
591 553 795 602 praeficeret
818 553 997 590 exercitui
1021 552 1258 596 conductitio,
1284 554 1389 602 cujus

120 630 300 654 numerus
327 615 523 654 duodecim
549 617 713 654 millium
739 617 821 654 fuit.
880 617 1005 662 Quem
1034 616 1184 666 quidem
1209 617 1259 653 sic
1289 617 1389 653 omni

121 678 316 729 disciplina
334 681 491 717 militari
510 679 682 725 erudivit,
698 687 753 725 ut,
771 680 1088 731 quemadmodum
1107 680 1297 730 quondam
1317 682 1389 718 Fa-

119 742 223 780 biani
245 744 384 781 milites
406 744 575 781 Romani
599 745 778 794 appellati
801 751 899 788 sunt,
920 745 971 782 sic
991 745 1265 794 Iphicratenses
1289 743 1389 794 apud

121 807 273 844 Graecos
299 807 339 844 in
365 821 515 845 summa
536 806 648 845 laude
670 808 818 845 suerint.
877 810 911 844 5.
942 806 1062 850 Idem,
1088 806 1248 844 subsidio
1271 807 1389 844 Lace-

120 868 311 910 daemoniis
329 870 525 920 profectus,
543 870 815 920 Epaminondae
835 871 1044 908 retardavit
1060 871 1233 920 impetus.
1282 871 1389 908 Nam

119 933 191 970 nisi
206 934 285 981 ejus
301 932 485 971 adventus
501 934 841 983 appropinquasset,
855 948 930 971 non
944 934 1045 983 prius
1059 934 1233 971 Thebani
1250 935 1389 983 Sparta

121 995 390 1040 abscessissent,
411 1010 527 1045 quam
546 1003 700 1046 captam
719 996 888 1033 incendio
908 996 1100 1034 delessent.

565 1176 807 1214 CAPUT
846 1177 946 1213 III.

179 1255 211 1288 1.
235 1251 333 1290 Fm'r
353 1257 481 1288 autem
500 1257 538 1288 et
557 1251 682 1288 animo
697 1265 834 1299 magno
851 1257 888 1288 et
903 1265 1060 1300 corpore,
1078 1251 1387 1301 imperatoriaque

119 1314 248 1358 forma,
278 1321 322 1352 ut
348 1315 425 1364 ipso
459 1321 611 1364 aspectu
644 1315 763 1352 cuivis
795 1315 962 1364 injiceret
991 1314 1278 1352 admirationem
1315 1316 1383 1353 sui.

121 1380 156 1415 2.
189 1376 263 1415 Sed
281 1378 322 1415 in
339 1377 465 1415 labore
485 1378 658 1415 remissus
677 1379 788 1415 nimis
806 1392 1014 1428 parumque
1033 1379 1190 1428 patiens,
1208 1385 1251 1416 ut
1267 1379 1388 1416 Theo-

118 1455 276 1492 pompus
298 1436 495 1479 memoriae'
505 1440 666 1492 prodidit
681 1455 689 1487 3
719 1443 837 1479 bonus
855 1456 942 1479 vero
962 1443 1053 1479 civis
1072 1441 1215 1491 fideque
1234 1457 1385 1491 magna.

119 1504 230 1552 Quod
245 1519 362 1555 quum
380 1506 421 1542 in
439 1506 522 1542 aliis
540 1506 648 1543 rebus
667 1504 884 1549 declaravit,
902 1512 987 1543 tum
1005 1506 1172 1543 maxime
1191 1506 1231 1542 in
1245 1507 1388 1555 Amyn-

118 1574 168 1606 tae
201 1567 421 1606 Macedonis
453 1569 577 1606 liberis
609 1568 767 1606 tuendis.
824 1570 1003 1618 Namque
1037 1568 1236 1619 Eurydice,
1266 1576 1388 1607 mater

119 1630 306 1668 Perdiccae
329 1638 367 1668 et
389 1632 565 1681 Philippi,
590 1646 678 1669 cum
700 1633 758 1669 his
780 1631 923 1669 duobus
945 1633 1077 1682 pueris,
1099 1634 1272 1682 Amynta
1294 1647 1387 1669 mor-

118 1702 195 1739 tuo,
230 1694 279 1732 ad
311 1695 545 1744 Iphicratem
580 1696 746 1744 confugit
780 1696 931 1744 ejusque
968 1696 1097 1744 opibus
1135 1694 1285 1732 defensa
1318 1702 1385 1732 est.

119 1761 155 1796 3.
185 1759 292 1796 Vixit
315 1757 363 1796 ad
391 1766 632 1803 senectutem,
653 1759 813 1808 placatis
840 1759 880 1795 in
907 1773 944 1795 se
973 1773 1125 1796 suorum
1147 1759 1288 1796 civium
1312 1759 1387 1795 ani-

117 1823 200 1860 mis.
258 1822 426 1859 Causam
453 1822 587 1871 capitis
615 1823 728 1859 semel
757 1821 862 1865 dixit,
886 1823 982 1859 bello
1005 1822 1140 1866 sociali,
1166 1822 1278 1859 simul
1301 1836 1387 1860 cum

118 1885 329 1929 Timotheo,
347 1899 460 1934 eoque
474 1884 614 1933 judicio
634 1892 690 1922 cst
710 1884 912 1922 absolutus.
961 1888 997 1922 4.
1020 1886 1247 1922 Menesthea
1265 1886 1386 1923 filium

117 1949 277 1998 reliquit,
298 1963 346 1986 ex
365 1950 529 1987 Thressa
547 1956 693 1994 natum,
716 1951 802 1987 Coti
821 1950 916 1999 regis
935 1950 1024 1988 filia.
1082 1951 1121 1987 Is
1140 1965 1258 2000 quum
1276 1951 1385 1988 inter-

116 2020 318 2063 rogaretur,
339 2021 468 2051 utrum
487 2014 604 2064 pluris
622 2021 770 2064 patrem
788 2021 999 2051 matremne
1018 2014 1157 2051 faceret
1174 2028 1181 2059 ;
1209 2022 1384 2058 matrem,

115 2077 248 2127 inquit.
296 2076 344 2115 Id
362 2091 480 2127 quum
498 2077 670 2115 omnibus
689 2078 828 2115 mirum
846 2077 1055 2116 videretur:
1079 2085 1132 2122 ατ,
1149 2079 1222 2122 isse,
1238 2079 1384 2122 merito,

115 2141 247 2191 inquit,
256 2142 379 2191 facio.
437 2143 548 2179 Nam
569 2148 693 2191 pater,
718 2149 915 2191 quantum
940 2142 988 2179 in
1014 2155 1050 2180 se
1065 2143 1168 2192 fecit,
1198 2142 1386 2180 Thracem

117 2216 177 2242 me
193 2205 347 2250 creavit,
367 2211 500 2243 contra
518 2197 563 2243 ea'
580 2212 705 2243 mater
724 2205 1007 2243 Atheniensem.
