1575 2771
123 213 163 257 2,
185 207 247 263 3.]
541 222 630 249 v111.
662 221 971 249 TnnAsvssuws.
1340 210 1390 247 39

583 429 824 467 CAPUT
862 429 928 466 ΙΙ.

178 508 210 541 1.
232 504 311 542 HIC
332 504 433 541 enim
448 518 565 554 quum
579 504 727 553 Phylen
747 503 980 551 confugisset,
998 501 1096 552 quod
1115 508 1171 540 est
1190 495 1388 540 castellum

119 567 160 605 in
181 568 317 605 Attica
338 568 645 611 munitissimum,
667 581 742 604 non
764 568 848 617 plus
869 567 1005 604 habuit
1029 580 1166 611 secum,
1187 581 1303 616 quam
1325 567 1388 604 tri—

119 631 227 679 ginta
245 630 290 668 de
309 632 394 668 suis.
443 631 528 668 Hoc
544 631 695 668 initium
711 631 782 668 fuit
798 631 929 668 salutis
944 632 1172 674 Aetaeorum,
1189 632 1259 668 hoe
1278 632 1389 668 robur

118 694 303 732 libertatis
325 695 537 732 clarissimae
561 694 737 732 civitatis.
796 698 830 731 2.
861 695 996 744 Neque
1015 709 1103 732 vero
1126 695 1187 732 hio
1209 709 1283 732 non
1306 709 1388 732 con-

118 765 260 796 temtus
282 765 338 796 est
356 759 476 808 primo
499 773 523 796 a
541 759 712 809 tyrannis
731 765 845 808 atque
865 759 944 807 ejus
967 758 1136 796 solitudo.
1193 760 1287 804 Quae
1311 759 1387 807 qui-

117 820 205 859 dem
232 836 290 859 res
317 829 355 860 et
383 823 456 859 illis
484 822 810 859 contemnentibus
838 823 1024 872 perniciei,
1046 829 1083 859 et
1106 823 1194 859 huic
1217 821 1387 871 despecto

118 887 233 923 saluti
258 886 340 923 suit.
397 887 492 924 Haee
520 887 621 923 enim
650 887 730 923 illos
759 886 807 923 ad
834 885 1131 936 persequendum
1159 900 1297 934 segnes,
1322 887 1387 923 hos

118 956 260 994 autem,
296 956 463 999 tempore
498 948 546 986 ad
579 949 875 999 comparandum
909 949 1008 993 dato,
1038 950 1125 986 feeit
1153 950 1384 986 robustiores.

117 1015 153 1050 3.
176 1013 260 1059 Quo
279 1013 402 1061 magis
416 1019 645 1062 praeceptum
661 1011 754 1049 illud
769 1013 936 1049 omnium
954 1013 992 1049 in
1008 1013 1142 1049 animis
1158 1026 1234 1048 esse
1251 1011 1360 1049 debet
1378 1025 1384 1049 :

116 1077 227 1113 Nihil
248 1077 288 1114 in
309 1077 406 1113 bello
429 1082 596 1126 oportere
619 1076 809 1113 contemni
823 1087 831 1120 ;
845 1090 912 1113 nee
936 1076 1012 1113 sine
1037 1090 1151 1113 eausa
1173 1075 1269 1113 diei:
1300 1077 1386 1113 issa-

115 1147 214 1178 trem
233 1139 356 1178 timidi·
375 1140 464 1177 flere
483 1154 558 1176 non
577 1140 702 1177 solere.
760 1144 796 1177 4.
828 1140 963 1189 Neque
983 1147 1113 1177 tamen
1132 1154 1197 1189 pro
1217 1140 1385 1189 opinione

117 1204 347 1255 Thrasybuli
370 1210 491 1241 auetae
515 1211 602 1241 sunt
625 1218 721 1254 opes.
779 1205 887 1241 Nam
905 1205 988 1253 jam
1011 1211 1096 1241 tum
1118 1204 1191 1240 illis
1213 1203 1384 1253 tempori-

116 1266 186 1306 bus
205 1269 336 1305 sortius
353 1267 441 1305 boni
460 1282 524 1317 pro
544 1267 719 1304 libertate
739 1267 997 1317 loquebantur,
1019 1282 1135 1317 quam
1150 1267 1372 1317 pugnabant

117 1335 152 1369 5.
170 1332 272 1369 Hine
287 1332 327 1369 in
338 1332 527 1369 Piraeeum
542 1332 691 1369 transiit
708 1332 1032 1382 qunyehiamque
1048 1332 1222 1368 munivit.
1272 1332 1384 1368 Hanc

116 1396 171 1434 bis
191 1396 341 1447 tyranni
360 1409 576 1445 oppugnare
596 1402 683 1433 sunt
704 1394 835 1439 adorti,
858 1397 905 1433 ab
925 1410 1041 1445 eaque
1064 1396 1225 1444 turpiter
1248 1395 1384 1444 repulsi

116 1461 283 1511 protinus
310 1460 350 1497 in
377 1459 520 1503 urbem,
546 1459 660 1496 armis
686 1458 1036 1509 impedimentisque
1065 1460 1219 1502 amissis,
1244 1460 1384 1507 resuge-

116 1530 215 1561 runt.
266 1527 300 1560 G.
323 1524 425 1561 Usus
444 1530 500 1560 est
520 1522 782 1573 Thrasybulus
801 1537 876 1560 non
894 1523 1019 1560 minus
1037 1521 1247 1572 prudentia,
1270 1537 1384 1571 qnam

117 1586 343 1625 fortitudine.
401 1587 509 1624 Nam
531 1585 703 1624 cedentes
721 1587 855 1623 violari
873 1587 1020 1631 vetuit3
1051 1586 1150 1623 cives
1173 1586 1273 1622 enim
1297 1586 1383 1623 eivi-

118 1652 186 1688 bus
207 1664 358 1700 parcere
381 1663 530 1698 aequum
558 1649 745 1686 censebat.
802 1650 937 1697 Neque
960 1649 1158 1697 quisquam
1182 1655 1238 1685 est
1257 1650 1384 1684 vulne-

117 1721 230 1758 ratus,
251 1714 322 1751 nisi
341 1713 403 1763 qui
422 1713 520 1763 prior
539 1712 760 1762 impugnare
781 1713 910 1749 voluit.
968 1712 1174 1748 Neminem
1191 1712 1383 1760 jacentem

118 1784 219 1815 veste
239 1778 435 1826 spoliavit;
465 1778 519 1814 nil
543 1777 682 1825 attigit,
704 1776 775 1812 nisi
799 1789 915 1819 arma,
937 1789 1094 1824 quorum
1118 1774 1320 1823 indigebat,
1346 1781 1383 1811 et

115 1855 197 1890 quae
227 1839 275 1877 ad
297 1841 444 1878 victum
466 1839 717 1890 pertinebant.
777 1841 812 1876 7.
843 1839 891 1875 In
919 1837 1078 1875 secundo
1101 1838 1227 1887 proelio
1250 1836 1383 1874 cecidit

117 1905 268 1948 Critias,
282 1903 360 1942 dux
375 1911 632 1954 tyrannorum,
650 1917 769 1953 quum
784 1901 934 1952 quidem
953 1900 1179 1939 exadversus
1195 1900 1382 1950 Thrasyb-

118 1969 223 2006 ulum
241 1968 437 2006 fortissime
455 1973 651 2016 pugnaret.

561 2150 802 2188 CAPUT
840 2150 941 2186 ΙΙΙ.

175 2228 207 2274 11.
236 2225 326 2261 Hoc
347 2223 489 2272 dejecto
505 2223 715 2261 Pausanias
733 2223 838 2260 venit
854 2221 994 2259 Atticis
1014 2221 1162 2264 auxilio,
1180 2235 1245 2257 rex
1264 2221 1381 2257 Lace-

118 2286 397 2325 daemoniorum.
454 2288 494 2324 1s
526 2287 623 2323 inter
657 2285 940 2335 Thrasybulum
977 2291 1015 2321 et
1049 2298 1119 2327 eos,
1155 2284 1219 2332 qui
1251 2284 1382 2319 urbem

120 2350 310 2393 tenebant,
335 2350 422 2386 feeit
444 2363 578 2399 pacem
599 2349 658 2386 his
685 2348 977 2386 conditionibus:
1007 2362 1054 2384 ne
1077 2348 1139 2396 qui
1162 2354 1296 2396 praeter
1319 2347 1381 2383 tri-

119 2414 226 2463 ginta
244 2421 420 2463 tyrannos
440 2419 477 2449 et
503 2411 642 2455 decem,
664 2412 728 2460 qui
753 2417 882 2460 postea
907 2417 1079 2460 praetores
1105 2410 1221 2447 creati
1247 2410 1382 2459 superi-

120 2478 191 2515 oris
218 2491 319 2514 more
348 2475 578 2513 crudelitatis
606 2482 712 2511 erant
741 2475 807 2517 usi,
838 2474 1076 2511 afficerentur
1104 2473 1229 2510 exsilio
1245 2486 1254 2519 3
1288 2486 1382 2511 neve
