1575 2771
143 213 181 256 5,
203 208 262 264 6.]
613 222 699 248 x1v.
732 222 941 249 DATAMES.
1354 215 1407 252 63

141 310 259 347 ercitu
282 309 492 349 diseederet.
550 312 636 355 Hic,
658 311 871 360 priusquam
896 310 1117 360 perveniret,
1139 324 1209 359 quo
1229 318 1309 348 erat
1329 327 1407 361 pro-

141 373 269 417 fectus,
299 374 338 411 in
365 375 496 412 itinere
525 376 708 418 convenit,
738 375 800 423 qui
829 375 964 423 Aspim
995 373 1193 411 ducebant.
1236 378 1286 411 -2,
1319 376 1406 421 Qua

140 437 329 474 celeritate
348 452 466 487 quum
484 453 665 487 magnam
684 438 984 475 benevolentiam
1003 438 1098 486 regis
1117 428 1303 476 Datames
1322 453 1405 477 con—

140 507 290 538 secutus
309 509 413 545 essct,
434 516 508 539 non
530 503 712 539 minorem
735 502 918 538 invidiam
942 502 1149 538 aulicorum
1168 503 1323 552 excepit,
1345 504 1408 552 qui

139 563 249 601 illum
281 579 401 602 unum
433 566 560 615 pluris,
590 579 705 614 quam
734 579 770 602 se
803 578 941 608 omneS,
971 565 1050 602 fieri
1078 565 1267 602 videbant.
1324 567 1407 612 Quo

139 628 240 665 sacto
269 629 394 666 cuncti
422 630 470 666 ad
497 643 584 666 eum
606 629 891 679 opprimendum
913 636 1188 666 consenserunt.
1246 632 1281 666 3.
1312 631 1406 667 Haec

140 692 339 735 Pandates,
363 706 465 741 gazae
494 699 616 729 custos
638 693 758 741 regiae,
785 693 928 729 amicus
956 692 1126 735 Datami,
1148 693 1352 742 perscripta
1374 693 1407 730 ei

138 755 268 798 mittit,
292 755 332 792 in
360 756 492 804 quibus
519 757 650 793 docet:
680 770 767 792 eum
795 769 933 804 magno
961 756 1035 792 sore
1063 756 1235 805 periculo,
1261 757 1291 793 si
1319 756 1407 805 quid

138 817 200 854 isso
228 817 436 868 imperante
463 819 503 856 111
526 820 694 868 AEgypto
723 819 868 856 adversi
898 819 1102 855 accidisset.
1159 822 1195 855 4.
1227 819 1405 868 Namque

138 894 224 918 eam
247 895 323 918 esse
346 883 652 919 consuetudinem
675 883 828 930 regiam,
854 888 898 919 ut
926 896 1033 919 casus
1057 883 1227 919 adversos
1250 884 1406 920 homini-

141 943 208 981 bus
230 945 409 988 tribuant,
431 944 607 982 secundos
630 946 784 982 fortunae
808 959 882 981 suae
900 958 906 982 :
937 959 1008 993 quo
1031 945 1120 988 fieri,
1142 952 1186 982 ut
1209 946 1317 982 facile
1339 947 1406 983 im-

138 1008 325 1057 pellantur
345 1007 393 1044 ad
412 1022 539 1045 eorum
558 1009 770 1057 perniciem,
789 1022 946 1057 quorum
965 1009 1081 1044 ductu
1100 1022 1156 1045 res
1174 1010 1274 1045 male
1293 1016 1405 1057 gestae

137 1074 370 1111 nuntientur.
427 1074 543 1111 Illum
563 1075 633 1111 hoc
652 1074 793 1122 majore
812 1074 888 1110 fore
908 1074 946 1110 in
965 1072 1186 1118 discrimine,
1203 1075 1310 1123 quod,
1327 1075 1405 1124 qui-

137 1135 206 1174 bus
223 1150 291 1174 rex
308 1137 474 1174 maxime
493 1136 653 1181 obediat,
675 1151 735 1174 eos
754 1138 893 1174 habeat
912 1137 1194 1174 inimicissimos.
1244 1140 1278 1174 5.
1302 1139 1392 1175 Tali

137 1200 206 1237 bus
233 1201 296 1238 isse
323 1201 458 1239 litteris
486 1201 653 1250 cognitis,
674 1214 790 1250 quum
808 1201 892 1249 jam
916 1201 964 1238 ad
986 1201 1191 1238 exercitum
1214 1202 1321 1239 Acen
1343 1216 1403 1239 ve-

137 1264 260 1308 nisset,
281 1265 378 1313 quod
396 1279 471 1302 non
489 1264 697 1313 ignorabat,
718 1278 763 1301 ea
781 1275 867 1300 vete
886 1264 1034 1313 scripta,
1056 1264 1255 1301 desciscere
1279 1278 1302 1301 a
1320 1279 1405 1314 rege

137 1327 340 1365 constituit.
389 1328 523 1377 Neque
542 1334 673 1365 tamen
691 1328 895 1377 quicquam
913 1328 1009 1371 fecit,
1026 1328 1123 1376 quod
1137 1326 1209 1364 fide
1229 1342 1297 1365 sua
1311 1336 1405 1366 esset

136 1391 344 1439 indignum.
404 1394 438 1428 6.
464 1392 571 1429 Nam
589 1392 851 1429 Mandroclem
870 1391 1097 1441 Magnetem
1116 1391 1298 1428 exercitui
1316 1406 1404 1442 prae-

136 1454 224 1492 fecit
239 1467 246 1499 ;
274 1455 351 1504 ipse
370 1469 457 1492 011111
477 1455 551 1492 suis
568 1455 610 1492 in
625 1455 907 1505 Cappadociam
925 1455 1078 1491 discedit
1094 1455 1404 1505 conjunctamque

137 1518 225 1556 huic
253 1519 555 1568 Paphlagoniam
576 1525 745 1569 occupat,
769 1520 905 1563 celans,
930 1532 1005 1567 qua
1026 1520 1222 1556 voluntate
1244 1526 1339 1557 esset
1365 1520 1404 1557 in

137 1594 263 1630 regem
281 1594 290 1626 ;
328 1583 429 1619 clam
461 1596 549 1620 cum
582 1583 837 1620 Ariobarzane
870 1583 961 1619 facit
994 1583 1214 1627 amicitiam,
1245 1597 1404 1620 manum

137 1651 341 1694 comparat,
362 1646 470 1682 urbes
492 1646 660 1682 munitas
679 1646 753 1682 suis
771 1646 932 1682 tuendas
950 1646 1076 1683 tradit.

586 1829 827 1866 CAPUT
868 1829 950 1866 VI.

192 1904 225 1938 1.
257 1901 336 1939 SED
359 1902 438 1939 haec
460 1908 610 1952 propter
631 1903 794 1939 hiemale
817 1908 965 1952 tempus
987 1902 1112 1939 minus
1133 1916 1302 1953 prospere
1324 1918 1402 1954 pro-

135 1963 328 2002 cedebant.
372 1964 505 2008 Audit,
519 1965 666 2002 Pisidas
677 1964 858 2015 quasdam
873 1966 997 2015 copias
1012 1964 1189 2004 adversus
1204 1980 1242 2003 se
1256 1981 1399 2017 parare.

135 2027 282 2066 Filium
304 2042 346 2066 eo
365 2027 567 2066 Arsideum
590 2042 677 2066 011111
699 2029 865 2066 exercitu
886 2029 1018 2066 mittit.
1077 2028 1192 2067 Cadit
1214 2031 1254 2068 in
1275 2032 1402 2080 proelio

136 2090 356 2129 adolescens.
413 2092 663 2130 Proficiscitur
677 2106 718 2129 eo
733 2099 841 2142 pater
854 2107 929 2130 non
943 2093 999 2130 ita
1013 2107 1100 2130 cum
1115 2107 1257 2142 magna
1270 2109 1398 2137 manu,

134 2155 270 2200 celans,
294 2162 480 2205 quantum
507 2157 646 2194 vulnus
680 2157 891 2206 accepisset,
916 2158 1013 2206 quod
1044 2158 1147 2207 prius
1181 2157 1226 2194 ad
1256 2159 1399 2194 hostem

135 2219 325 2270 pervenire
355 2218 541 2268 cupiebat,
565 2233 680 2269 quam
708 2221 753 2256 de
782 2233 821 2257 re
850 2221 950 2257 male
979 2227 1085 2268 gesta
1112 2220 1215 2256 fama
1244 2219 1290 2256 ad
1319 2234 1399 2256 suos

135 2281 354 2330 perveniret,
374 2295 421 2318 ne
449 2283 599 2330 cognita
620 2283 688 2319 filii
709 2289 829 2319 morte
857 2284 974 2319 animi
997 2282 1282 2320 debilitarentur
1308 2283 1398 2320 mili-

135 2350 232 2381 tum.
289 2346 324 2380 2.
350 2344 433 2389 Quo
453 2346 702 2388 contenderat,
716 2345 885 2393 pervenit
901 2346 1030 2393 hisque
1046 2346 1133 2382 locis
1149 2353 1272 2383 castra
1287 2347 1399 2395 ponit,

136 2413 181 2444 ut
199 2420 318 2456 neque
340 2407 526 2444 circumiri
547 2408 790 2444 multitudine
815 2406 1110 2444 adversariorum
1131 2415 1261 2456 posset,
1283 2423 1399 2457 neque

137 2470 318 2520 impediri,
336 2485 407 2520 quo
422 2471 546 2507 minus
566 2470 612 2507 ad
630 2470 885 2507 dimicandum
906 2484 1062 2507 manum
1081 2471 1234 2508 haberet
1255 2472 1399 2521 expedi-
