1575 2771
163 226 218 262 66
578 234 774 261 (1011Νο111
807 234 994 260 ΝΕ10115.
1286 217 1346 272 [9,
1366 223 1428 260 10.

609 439 852 478 CAPUT
890 439 964 476 IX

216 522 247 555 1.
273 519 336 555 A'r
355 531 430 561 rex,
452 517 549 566 quod
567 515 806 567 implacabile
825 514 952 552 odium
974 514 1014 552 in
1033 515 1243 552 Datamem
1265 528 1429 565 suscepe-

157 589 227 626 rat,
244 588 444 632 postquam
462 580 560 618 bello
579 594 667 617 eum
686 580 845 630 opprimi
859 593 935 616 non
953 593 1056 629 posse
1077 577 1359 623 animadvertit,
1376 579 1429 616 in-

157 646 257 683 sidiis
268 646 475 682 interficere
487 645 629 682 studuit
642 657 649 690 3
671 658 763 694 quas
775 644 837 681 1110
848 645 1042 694 plerasque
1055 644 1204 681 vitavit.
1250 646 1285 680 2.
1309 643 1427 685 Sicut,

156 723 275 759 quum
293 709 515 746 nuntiatum
534 715 640 751 esset,
662 707 841 757 quosdam
865 707 935 744 sibi
954 707 1132 751 insidiari,
1153 707 1217 756 qui
1236 707 1275 744 in
1295 707 1430 744 amieo—

156 786 242 809 rum
262 778 369 809 erant
387 785 542 808 numero
558 770 619 821 (de
635 772 779 820 quibus,
797 770 894 820 quod
909 771 1050 808 inimici
1066 770 1292 814 detulerant,
1310 784 1430 820 neque

155 833 392 878 credendum,
412 848 533 883 neque
552 835 818 882 negligendum
836 834 1016 884 putavit),
1038 834 1196 884 experiri
1215 834 1344 877 voluit,
1365 847 1426 871 ve-

155 912 239 936 rum
254 898 441 935 falsumne
460 904 555 935 esset
574 899 749 935 relatum.
806 900 842 934 3.
867 898 1004 946 Itaque
1019 911 1060 934 eo
1075 897 1262 947 profectus
1277 904 1343 941 est,
1358 911 1429 946 quo

154 962 286 999 itinere
298 961 443 999 suturas
458 961 610 999 insidias
622 962 805 998 dixerant.
853 959 928 998 Sed
940 961 1052 1009 elegit
1067 974 1216 1011 corpore
1231 967 1268 998 et
1283 967 1430 998 statura

155 1026 390 1063 simillimum
410 1025 476 1069 sui,
493 1025 599 1074 eique
618 1025 800 1062 vestitum
820 1038 932 1062 suum
952 1024 1064 1068 dedit,
1083 1032 1194 1074 atque
1213 1038 1255 1061 eo
1270 1025 1349 1061 loco
1364 1025 1428 1068 110,

154 1103 225 1138 quo
244 1089 321 1139 ipse
341 1095 596 1132 consueverat,
613 1089 736 1137 jussit.
796 1090 881 1138 Ipse
906 1095 1036 1126 autem
1059 1095 1195 1126 ornatu
1215 1089 1429 1138 vestituque

153 1153 309 1190 militari
328 1153 425 1190 inter
448 1153 607 1202 eorporis
629 1153 798 1189 custodes
821 1153 892 1189 iter
915 1152 1035 1189 faeere
1058 1152 1179 1202 coepit.
1237 1155 1273 1188 4.
1299 1153 1355 1189 At
1376 1153 1429 1189 in-

154 1216 356 1260 sidiatores,
378 1222 579 1265 postquam
601 1216 640 1253 in
662 1229 750 1253 eum
772 1217 898 1253 locum
921 1229 1058 1264 agmen
1080 1215 1262 1265 pervenit,
1284 1214 1430 1265 decepti

153 1278 279 1317 ordine
299 1289 411 1329 atque
426 1280 576 1324 vestitu,
593 1280 634 1317 in
652 1293 740 1317 eum
760 1280 903 1317 faciunt
922 1280 1119 1329 impetum,
1137 1280 1199 1328 qui
1219 1280 1430 1330 suppositus

153 1352 243 1382 erat.
301 1343 533 1382 Praedixerat
550 1351 679 1382 autem
694 1345 752 1381 his
767 1345 963 1387 Datames,
981 1358 1068 1381 cum
1085 1344 1219 1393 quibus
1234 1344 1306 1381 iter
1320 1344 1429 1381 sacie-

153 1409 230 1452 bat,
251 1414 294 1445 ut
313 1409 437 1458 parati
461 1416 582 1446 essent
602 1409 734 1452 facere,
756 1409 854 1457 quod
872 1409 997 1458 ipsum
1017 1406 1207 1444 vidissent.
1265 1408 1363 1457 Ipse,
1384 1414 1429 1445 ut

153 1479 414 1510 concurrentes
436 1471 669 1509 insidiatores
698 1471 979 1515 animadvertit,
1001 1473 1078 1509 tela
1100 1472 1140 1508 in
1167 1486 1227 1509 eos
1255 1472 1425 1520 conjecit.

153 1537 237 1574 Hoc
256 1535 357 1573 idem
372 1550 488 1585 quum
508 1536 671 1573 universi
686 1536 867 1580 fecissent,
885 1536 1102 1585 priusquam
1122 1536 1360 1586 pervenirent
1379 1536 1427 1573 ad

153 1613 252 1644 eum,
273 1614 387 1649 quem
407 1598 561 1648 aggredi
579 1598 769 1643 volebant,
792 1600 928 1636 confixi
948 1598 1172 1637 ceciderunt.

619 1783 862 1820 CAPUT
908 1783 961 1821 X.

210 1861 241 1894 1.
273 1858 350 1894 ch
371 1864 502 1894 tamen
520 1864 602 1894 tam
617 1859 775 1895 callidus
790 1859 848 1895 vir
862 1865 1029 1896 extremo
1044 1865 1208 1909 tempore
1224 1866 1356 1910 eaptus
1371 1867 1427 1898 est

153 1920 682 1964 Mith1·adatis‚Ariobarzanis
696 1922 774 1965 filii,
789 1923 882 1959 dolo.
932 1922 1111 1972 Namque
1124 1923 1154 1960 is
1169 1923 1356 1973 pollicitus
1370 1931 1427 1962 est

152 1985 241 2033 regi,
267 1998 304 2021 se
328 1998 415 2021 011111
443 1985 738 2029 interfecturum,
763 1986 793 2023 si
817 1987 851 2022 01
878 2000 943 2023 rex
965 1987 1209 2036 permitteret,
1234 1994 1290 2031 ut,
1315 1989 1425 2037 quod-

153 2061 312 2097 cumque
328 2049 452 2091 vellet,
470 2048 596 2086 liceret
612 2049 765 2098 impune
782 2050 913 2094 faeere,
931 2050 1116 2099 fidemque
1133 2051 1178 2087 de
1193 2064 1238 2088 ea
1257 2065 1306 2095 rc,
1323 2065 1425 2089 more

152 2112 366 2155 Persarum,
388 2111 521 2150 dextra
540 2112 709 2151 dedisset.
768 2117 803 2151 2.
834 2116 947 2152 Hanc
967 2122 1010 2152 ut
1031 2117 1174 2166 acecpit
1194 2130 1217 2153 a
1236 2130 1321 2165 rege
1340 2118 1425 2155 mis-

152 2191 245 2221 sam,
262 2178 386 2228 copias
400 2185 521 2227 parat,
539 2185 577 2216 et
596 2179 728 2216 absens
744 2179 953 2217 amicitiam
969 2194 1056 2217 eum
1072 2181 1239 2218 Datame
1255 2181 1356 2226 facit,
1372 2195 1426 2219 re-

152 2242 208 2290 gis
222 2242 432 2292 provincias
447 2249 572 2287 vexat,
590 2244 743 2280 castella
759 2250 963 2293 expugnat,
977 2258 1136 2292 magnas
1150 2243 1294 2295 praedas
1310 2245 1423 2295 capit,

153 2320 313 2355 quarum
335 2313 485 2356 partem
508 2307 582 2344 suis
605 2306 785 2357 dispertit,
807 2315 956 2357 partem
979 2309 1027 2345 ad
1047 2308 1255 2346 Datamem
1278 2309 1422 2354 mittit;

154 2370 233 2419 pari
252 2369 361 2407 modo
377 2371 570 2420 complura
589 2372 745 2408 castella
763 2371 797 2408 01
817 2370 944 2409 tradit.
1002 2374 1037 2408 3.
1063 2372 1156 2408 Haee
1176 2372 1240 2409 diu
1256 2372 1423 2410 faciendo

154 2434 335 2483 persuasit
355 2434 498 2471 homini
518 2448 556 2472 se
575 2435 768 2472 infinitum
789 2436 965 2472 adversus
984 2449 1110 2484 regem
1134 2436 1331 2486 suscepisse
1349 2436 1423 2472 bel-

155 2497 245 2540 lum,
266 2511 384 2546 quum
406 2498 524 2535 nihilo
546 2498 677 2547 magis,
698 2512 745 2536 ne
764 2512 881 2548 quam
904 2499 1151 2549 suspicionem
1170 2499 1225 2535 illi
1244 2499 1423 2547 praeberet
