1575 2771
145 191 197 227 (30
559 201 754 228 CORNELII
787 201 972 227 NnPor1s.
1233 186 1292 240 [5,
1309 194 1346 234 6,
1363 190 1402 226 7.

146 296 320 340 paratum
339 296 376 326 et
395 289 619 326 munitiones
634 289 815 337 Antigoni
831 289 924 326 alias
942 289 1116 332 incendit,
1134 289 1228 326 alias
1246 288 1400 338 disjecit.

145 353 287 390 Tenuit
311 360 439 389 autem
462 366 499 388 sc
523 366 595 388 uno
614 353 702 395 loco,
723 352 905 401 quamdiu
923 352 995 389 suit
1013 353 1143 389 hiems.
1200 353 1309 398 Quod
1328 366 1404 390 cas-

144 422 245 453 trum
278 417 441 453 subsidia
472 416 609 452 habere
641 429 715 451 non
742 421 887 464 poterat
914 421 952 451 et
979 429 1044 452 ver
1073 415 1403 465 appropinquabat,

144 479 324 516 simulata
346 479 539 522 deditione,
561 479 653 515 dum
680 479 724 515 de
754 476 1024 515 conditionibus
1051 484 1203 522 tractat,
1227 479 1407 528 praesectis

151 543 326 591 Antigoni
346 543 534 592 imposuit,
555 547 664 592 seque
684 556 728 578 ac
748 555 831 579 suos
850 555 976 578 omncs
995 542 1159 578 extraxit
1178 542 1391 578 incolumes.

605 723 834 760 CAPUT
867 724 948 760 VI.

202 801 235 834 1.
257 798 320 834 AD
339 798 440 834 hunc
456 796 662 846 Olympias,
680 803 802 834 mater
816 811 897 846 quae
916 798 1038 834 suerat
1057 798 1275 842 Alexandri,
1292 811 1410 847 quum

145 861 289 899 litteras
308 866 346 897 et
363 860 512 897 nuntios
530 860 690 897 misisset
709 861 748 897 in
763 861 907 904 Asiam,
925 862 1147 904 consultum,
1164 867 1295 897 utrum
1313 874 1411 910 repe-

146 924 263 961 titum
278 922 546 961 Macedoniam
565 924 710 960 veniret
725 922 833 973 (nam
852 930 936 961 tum
954 924 994 961 in
1008 924 1125 973 Epiro
1144 923 1360 975 habitabat)
1375 929 1414 961 et

147 1000 210 1024 eas
228 1000 285 1023 res
303 993 500 1036 occuparet
517 1000 523 1023 :
573 989 608 1022 2.
630 987 733 1023 Huic
753 987 815 1023 ille
834 987 1000 1036 primum
1019 988 1147 1030 suasit,
1167 1001 1214 1024 ne
1234 1001 1271 1024 se
1290 1001 1413 1024 move-

148 1055 206 1087 ret
226 1056 263 1086 et
283 1056 524 1099 exspectaret,
542 1050 662 1098 quoad
679 1050 886 1086 Alexandri
904 1050 1002 1086 filius
1021 1063 1179 1098 regnum
1199 1051 1413 1100 adipiscere-

147 1119 230 1157 tur,
256 1113 313 1149 sin
333 1113 459 1162 aliqua
474 1113 681 1162 cupiditate
696 1119 888 1162 raperetur
902 1113 941 1149 in
954 1114 1228 1157 Macedoniam,
1245 1114 1414 1150 omnium

149 1178 373 1225 injuriarum
396 1177 675 1214 oblivisceretur
697 1182 734 1212 et
756 1177 796 1213 in
822 1177 1013 1213 neminem
1042 1176 1225 1213 acerbiore
1248 1183 1416 1213 uteretur

148 1241 314 1290 imperio.
364 1242 399 1276 3.
422 1240 572 1277 Horum
591 1240 657 1276 illa
676 1239 772 1276 nihil
786 1240 874 1276 fecit
890 1252 897 1284 3
928 1253 1018 1276 nam
1038 1246 1076 1276 et
1094 1240 1134 1276 in
1150 1239 1416 1276 Macedoniam

149 1304 314 1353 profecta
336 1309 402 1346 est,
423 1309 461 1340 et
483 1303 535 1339 ibi
559 1303 809 1339 crudelissime
833 1316 871 1339 se
895 1303 1017 1350 gessit.
1074 1303 1192 1339 Petiit
1217 1309 1344 1339 autem
1368 1303 1416 1339 ab

150 1369 323 1404 Eumene
352 1366 514 1410 absente,
543 1380 589 1403 ne
616 1373 818 1416 pateretur,
844 1367 1011 1415 Philippi
1039 1367 1170 1402 domus
1198 1372 1236 1402 et
1264 1366 1416 1403 familiae

151 1431 422 1468 inimicissimos
463 1430 617 1479 stirpem
653 1442 796 1478 quoque
833 1429 1058 1472 interimere,
1090 1429 1272 1478 ferretque
1309 1442 1416 1478 opem

150 1494 274 1532 liberis
293 1492 511 1531 Alexandri.
560 1496 596 1529 4.
619 1493 748 1538 Quam
763 1493 915 1529 veniam
935 1492 965 1529 si
985 1491 1100 1535 daret,
1118 1506 1232 1541 quam
1251 1492 1417 1541 primum

150 1558 334 1595 exercitus
356 1563 515 1606 pararet,
541 1570 630 1605 quos
653 1555 722 1592 sibi
745 1554 905 1592 subsidio
935 1554 1144 1592 adduceret.
1202 1554 1248 1591 Id
1271 1568 1342 1604 quo
1365 1555 1417 1591 fa-

150 1621 258 1658 cilius
276 1621 424 1663 saceret,
446 1633 483 1657 se
506 1620 678 1656 omnibus
701 1618 892 1668 praesectis,
914 1618 978 1667 qui
1000 1618 1040 1654 in
1062 1618 1181 1654 officio
1199 1617 1416 1661 manebant,

150 1683 293 1720 misisse
321 1683 478 1726 litteras,
503 1689 546 1719 ut
574 1682 607 1718 ei
635 1687 819 1731 parerent,
844 1682 996 1730 ejusque
1025 1681 1184 1718 consiliis
1211 1687 1415 1718 uterentur.

152 1749 187 1783 5.
209 1747 282 1783 His
304 1747 414 1783 rebus
436 1746 628 1783 Eumenes
650 1751 841 1794 permotus
864 1745 981 1781 satius
1003 1743 1122 1788 duxit,
1144 1744 1174 1781 si
1196 1744 1252 1781 ita
1274 1744 1418 1782 tulisset

151 1810 311 1853 fortuna,
335 1809 454 1858 perire
482 1809 576 1845 benc
604 1808 746 1844 meritis
774 1807 995 1844 referentem
1021 1807 1197 1855 gratiam,
1222 1820 1338 1856 quam
1364 1807 1417 1845 in-

150 1878 305 1920 gratum
323 1872 460 1908 vivere.

587 2051 828 2088 CAPUT
866 2051 980 2088 VII.

209 2130 242 2164 1.
267 2127 414 2170 ITAQUE
443 2127 567 2176 copias
595 2126 792 2170 contraxit,
813 2126 954 2163 bellum
984 2127 1159 2164 adversus
1181 2127 1417 2176 Antigonum

153 2190 397 2240 comparavit.
454 2190 564 2235 Quod
579 2203 656 2226 una
671 2196 778 2226 crant
793 2190 1021 2226 Macedones
1039 2191 1246 2239 complures
1264 2191 1414 2235 nobiles,

153 2254 193 2291 in
215 2254 274 2290 his
296 2254 504 2296 Peucestes,
526 2253 589 2302 qui
613 2253 770 2302 corporis
799 2259 920 2289 custos
942 2253 1067 2290 suerat
1089 2254 1307 2297 Alexandri,
1332 2260 1415 2291 tum

155 2324 284 2354 autem
306 2317 498 2354 obtinebat
521 2317 722 2360 Persidem,
743 2323 780 2353 ct
800 2317 1016 2365 Antigenes,
1038 2316 1144 2364 cujus
1171 2317 1240 2353 sub
1263 2317 1416 2366 imperio

154 2381 322 2431 phalanx
350 2387 430 2417 erat
453 2380 732 2417 Macedonum:
771 2379 954 2416 invidiam
979 2393 1120 2423 verens,
1144 2392 1259 2427 quam
1287 2385 1415 2416 tamen

154 2444 315 2492 effugere
337 2457 412 2481 non
433 2444 566 2494 potuit,
587 2443 617 2480 si
636 2443 758 2493 potius
781 2442 857 2492 ipse
881 2442 1089 2490 alienigena
1111 2441 1248 2478 summi
1270 2441 1415 2490 imperii
