1575 2771
553 469 955 530 X.D10N.

604 668 834 706 CAPUT
872 668 905 705 Ι.

179 748 212 783 1.
242 745 358 788 D10N‚
379 744 583 794 Hipparini
605 744 715 787 filius,
739 744 1006 793 Syracusanus,
1032 740 1147 778 nobili
1168 753 1304 789 genere
1325 753 1390 777 na-

123 815 194 853 tus,
221 815 381 857 utraque
408 808 627 857 implicatus
655 807 851 857 tyrannide
880 806 1154 855 Dionysiorum.
1211 804 1391 852 Namque

122 872 185 909 ille
207 871 370 922 superior
388 871 686 914 Aristomachen,
708 884 869 907 sororem
888 870 1030 913 Dionis,
1051 869 1186 906 habuit
1205 869 1244 905 in
1261 868 1392 906 matri-

123 935 257 979 monio,
277 948 325 972 ex
346 948 421 984 qua.
443 933 533 971 duos
552 935 656 977 filios,
678 934 936 983 Hipparinum
955 940 993 970 et
1012 933 1205 982 Nysaeum,
1226 945 1392 982 procrea-

122 999 180 1035 vit
207 998 436 1046 totidemque
458 998 565 1040 filias,
590 998 740 1034 nomine
765 998 1025 1046 Sophrosynen
1047 1002 1085 1032 et
1108 997 1274 1033 Areten:
1305 1009 1392 1044 qua-

122 1077 208 1101 rum
225 1063 387 1113 priorem
407 1063 584 1112 Dionysio
603 1063 689 1106 filio,
711 1061 842 1106 eidem,
864 1062 925 1099 cui
944 1076 1103 1110 regnum
1122 1062 1282 1111 reliquit,
1300 1075 1391 1111 nup-

122 1133 207 1165 tum
229 1125 341 1172 dedit,
363 1127 534 1170 alteram,
556 1128 710 1170 Areten,
732 1126 858 1163 Dioni.
917 1129 952 1163 2.
982 1127 1084 1163 Dion
1107 1133 1237 1163 autern
1259 1132 1394 1175 praeter

123 1190 286 1228 nobilem
299 1190 618 1240 propinquitatem
632 1204 922 1239 generosamque
937 1191 1126 1239 majorum
1138 1190 1282 1226 famam
1296 1189 1392 1226 mul-

125 1261 166 1292 ta
184 1255 260 1309 alia
278 1254 327 1292 ab
346 1261 485 1292 natura
503 1254 639 1291 habuit
659 1255 767 1298 bona,
784 1255 824 1291 in
842 1255 900 1291 his
918 1254 1112 1302 ingenium
1131 1252 1258 1297 docile,
1276 1267 1392 1296 come,

124 1326 257 1368 aptum
277 1319 325 1356 ad
344 1325 442 1356 artes
461 1319 622 1368 optimas
638 1331 645 1363 ;
675 1332 858 1367 magnam
877 1318 1036 1368 corporis
1055 1318 1290 1366 dignitatem,
1312 1330 1394 1366 quae

123 1396 198 1420 non
226 1382 428 1420 minimum
455 1381 765 1428 commendatur;
797 1396 957 1431 magnas
983 1389 1164 1432 praeterea
1192 1380 1344 1418 divitias
1371 1394 1395 1418 a

124 1450 230 1496 ‘patre
244 1446 404 1490 relictas,
421 1460 514 1496 quas
528 1447 605 1496 ipse
620 1447 770 1496 tyranni
785 1447 1004 1483 muneribus
1019 1452 1189 1483 auxerat.
1238 1448 1273 1483 3.
1296 1446 1395 1482 Erat

124 1510 281 1547 intimus
303 1510 482 1560 Dionysio
509 1510 631 1560 priori,
656 1524 776 1560 neque
803 1511 929 1548 minus
956 1517 1107 1560 propter
1128 1524 1259 1554 mores,
1280 1524 1395 1559 quam

126 1574 364 1611 affinitatem.
412 1575 591 1624 Namque
611 1575 681 1612 etsi
698 1575 869 1624 Dionysii
889 1574 1090 1612 crudelitas
1109 1575 1143 1611 ei
1163 1573 1393 1624 displicebat,

127 1644 258 1675 tamen
279 1639 428 1675 salvum
449 1645 598 1687 propter
620 1638 943 1682 necessitudinem,
965 1639 1086 1687 magis
1108 1638 1225 1675 etiam
1244 1652 1395 1675 suorum

127 1715 250 1745 causa,
272 1700 458 1738 studebat,
514 1701 660 1739 Aderat
688 1702 728 1739 in
754 1702 902 1750 magnis
930 1703 1050 1746 rebus,
1072 1703 1222 1751 ejusque
1246 1702 1396 1739 consilio

127 1767 294 1803 multum
311 1766 534 1803 movebatur
553 1772 746 1815 tyrannus,
766 1766 838 1803 nisi
856 1780 930 1815 qua
949 1766 989 1802 in
1007 1780 1045 1803 re
1064 1767 1185 1814 major
1203 1766 1317 1816 ipsius
1336 1780 1396 1803 cu-

127 1830 263 1879 piditas
281 1829 551 1866 intercesserat.
608 1833 645 1866 4.
667 1830 898 1880 Legationes
914 1844 1001 1867 vero
1020 1844 1158 1874 omnes,
1175 1844 1256 1879 quae
1276 1838 1397 1868 essent

127 1893 352 1937 illustriores,
373 1907 439 1942 per
457 1893 622 1930 Dionem
641 1893 1026 1939 administrabantur3
1052 1884 1146 1943 quas
1165 1893 1317 1943 quidem
1336 1895 1398 1931 ille

127 1956 323 2005 diligenter
359 1957 538 2001 obeundo,
565 1956 725 1994 fideliter
758 1955 1064 2002 administrando,
1097 1957 1396 1996 crudelissimum

127 2033 265 2057 nomen
291 2021 443 2070 tyranni
470 2034 539 2057 sua
565 2021 805 2058 humanitate
833 2020 995 2070 tegebat.
1054 2023 1089 2057 5.
1120 2022 1236 2058 Hunc
1265 2036 1288 2058 a
1310 2022 1391 2059 Dio-

129 2083 231 2132 nysio
250 2083 407 2121 missum
423 2084 753 2133 Carthaginienses
771 2091 1027 2134 suspexerunt,
1043 2091 1088 2122 ut
1106 2086 1298 2123 neminem
1317 2099 1394 2123 um-

130 2160 246 2197 quam
265 2148 401 2186 Graeca
419 2148 550 2198 lingua
567 2149 781 2198 loquentem
800 2149 921 2197 magis
940 2149 1015 2186 sint
1035 2147 1224 2187 admirati.
