1575 2771
156 233 209 271 64
577 246 771 271 CORNELII
804 246 989 271 NEPOTIS.
1302 231 1361 284 [6,
1377 234 1415 271 7.

155 339 244 370 tam.
302 336 337 370 3.
363 334 460 371 Erat
480 347 567 370 cum
585 347 627 370 eo
643 332 980 376 Mithrobarzanes,
1001 346 1102 370 socer
1120 333 1208 381 ejus,
1224 333 1417 383 praefectus

152 396 332 445 equitum.
390 397 439 440 Is,
461 397 661 447 desperatis
689 397 814 445 generi
841 395 960 439 rebus,
983 395 1031 433 ad
1053 396 1174 433 hostes
1203 397 1414 445 transfugit.

151 458 198 496 Id
217 460 403 497 Datames
424 468 468 497 ut
495 459 651 503 audivit,
673 460 795 503 sensit,
817 460 847 496 si
870 460 909 496 in
936 458 1090 497 turbam
1117 460 1261 504 exisset,
1283 461 1331 498 ab
1353 461 1415 497 ho-

150 523 250 560 mine
266 530 347 560 tam
361 524 564 561 necessario
584 537 621 561 se
637 524 822 567 relictum,
837 523 1019 567 futurum,
1033 530 1077 560 ut
1091 523 1205 560 ceteri
1219 524 1414 561 consilium

150 594 399 636 sequerentur.
456 591 491 624 4.
517 588 564 624 In
580 588 715 635 vulgus
734 585 810 624 edit
828 600 834 624 :
864 600 929 623 suo
943 587 1050 635 jussu
1066 586 1414 624 Mithrobarzanem

149 650 354 698 profectum
367 664 431 700 pro
443 651 608 700 perfuga,
622 664 693 700 quo
705 650 850 687 facilius
862 657 1031 700 receptus
1043 650 1267 687 interficeret
1279 650 1412 688 hostes.

149 712 276 757 Quare
297 714 454 762 relinqui
476 727 563 750 eum
585 727 659 750 non
681 728 748 763 par
770 727 846 750 esse
869 720 907 751 et
928 727 1055 750 omnes
1083 713 1276 751 confestim
1299 714 1411 763 sequi.

149 775 260 820 Quod
279 776 309 812 si
332 777 457 813 animo
480 784 628 814 strenuo
648 777 829 820 fecissent,
851 777 1031 821 futurum,
1052 784 1095 814 ut
1118 775 1318 814 adversarii
1339 791 1410 814 non

149 845 297 887 possent
319 839 496 883 resistcre,
518 853 635 889 quum
657 846 695 876 ct
717 840 817 877 intra
834 841 983 877 vallum
1005 847 1043 878 et
1065 841 1150 878 soris
1172 840 1411 878 caederentur.

150 904 185 939 5.
211 902 298 940 Hac
317 916 355 940 re
373 902 541 952 probata,
558 903 764 940 exercitum
783 903 916 947 educit,
931 903 1282 940 Mithrobarzanem
1296 918 1411 953 perse·

149 966 296 1015 quitur;
331 967 395 1016 qui
424 973 578 1004 tantum
611 967 707 1016 quod
740 965 787 1003 ad
817 967 941 1004 hostes
972 973 1202 1016 pervenerat,
1227 967 1413 1004 Datames

149 1030 256 1077 signa
269 1030 394 1067 inferri
404 1031 526 1078 jubet.
571 1032 606 1066 6.
628 1028 775 1073 Pisidae,
788 1044 887 1066 nova
900 1044 939 1067 re
954 1030 1140 1073 commoti,
1154 1030 1194 1066 in
1206 1030 1411 1079 opinionem

150 1091 399 1137 adducuntur,
419 1094 592 1143 perfugas
613 1094 718 1130 mala
739 1092 812 1130 fide
836 1093 1109 1142 compositoque
1132 1093 1267 1137 fecisse,
1288 1100 1332 1130 ut
1360 1107 1411 1130 re—

149 1157 248 1205 cepti
280 1163 402 1193 essent
437 1157 572 1205 majori
604 1156 827 1193 calamitati.
882 1156 1056 1193 Primum
1087 1170 1147 1193 eos
1182 1154 1411 1194 adoriuntur.

149 1220 212 1256 Illi
231 1233 358 1268 quum,
375 1218 464 1269 quid
485 1226 670 1268 ageretur,
695 1226 762 1256 aut
781 1232 894 1268 quare
912 1219 1029 1263 fieret,
1049 1219 1273 1267 ignorarent,
1295 1220 1412 1257 coacti

149 1290 248 1327 sunt,
269 1297 357 1320 curn
379 1284 431 1320 eis
452 1296 630 1333 pugnare,
652 1281 700 1320 ad
710 1295 807 1332 quos
826 1282 1062 1327 transierant,
1084 1282 1132 1320 ab
1151 1283 1281 1332 hisque
1303 1290 1412 1327 stare,

149 1361 238 1396 quos
265 1347 502 1396 reliquerant.
559 1345 706 1392 Quibus
728 1360 845 1395 quum
871 1346 995 1383 neutri
1016 1353 1221 1395 parcerent,
1247 1347 1413 1384 celeriter

149 1417 237 1447 sunt
257 1410 401 1447 concisi.
459 1412 493 1446 7.
523 1410 705 1458 Reliquos
719 1410 865 1446 Pisidas
882 1410 1092 1446 resistentes
1107 1410 1293 1447 Datames
1310 1410 1414 1447 inva-

149 1472 204 1510 dit
221 1486 228 1510 :
256 1473 375 1522 primo
395 1473 538 1522 impetu
556 1473 673 1522 pellit,
690 1472 873 1520 fugientes
890 1473 1130 1522 persequitur,
1146 1474 1285 1510 multos
1304 1473 1411 1510 inter-

149 1537 238 1580 ficit,
259 1544 382 1574 castra
401 1537 566 1573 hostium
586 1536 697 1585 capit.
756 1537 790 1572 S.
822 1536 910 1572 Tali
930 1536 1080 1573 consilio
1100 1549 1173 1572 uno
1193 1543 1356 1585 tempore
1376 1543 1412 1573 et

149 1598 349 1648 proditores
363 1599 532 1648 perculit,
547 1605 584 1635 et
598 1599 722 1635 hostes
736 1598 950 1648 profligavit
969 1604 1016 1642 et,
1033 1597 1133 1648 quod
1149 1597 1197 1635 ad
1211 1599 1411 1648 perniciem

149 1662 272 1699 fuerat
294 1663 511 1711 cogitatum,
531 1660 570 1698 id
589 1660 637 1698 ad
656 1662 817 1698 salutern
836 1661 1031 1699 convertit.
1087 1662 1171 1707 Quo
1189 1675 1309 1711 neque
1329 1675 1413 1699 acu·

151 1726 224 1762 tius
245 1726 358 1762 ullius
380 1725 613 1774 imperatoris
635 1725 853 1773 cogitatum,
874 1738 992 1774 neque
1015 1725 1170 1762 celerius
1191 1725 1335 1763 factum
1356 1739 1412 1763 us-

149 1803 263 1839 quam
282 1789 450 1838 legimus.

583 1969 823 2007 CAPUT
860 1969 976 2007 VII.

206 2049 238 2083 1.
263 2046 325 2082 ΑΒ
340 2045 410 2083 hoc
424 2051 553 2082 tamen
567 2044 646 2081 viro
663 2044 836 2087 Scismas,
853 2044 1132 2082 maximo'natu
1148 2045 1256 2090 filius,
1271 2045 1410 2091 desciit,

151 2108 199 2146 ad
221 2122 418 2158 regemque
446 2108 604 2151 transiit,
627 2114 664 2145 et
686 2106 731 2144 de
755 2107 956 2144 defectione
978 2108 1095 2157 patris
1121 2107 1268 2146 detulit.
1327 2109 1412 2156 Quo

150 2173 280 2210 nuntio
296 2174 524 2209 Artaxerxes
543 2178 759 2214 commotus,
781 2172 876 2220 quod
890 2171 1123 2219 intelligebat
1142 2171 1210 2209 sibi
1229 2186 1316 2210 cum
1334 2174 1412 2211 viro

151 2236 235 2273 forti
257 2250 301 2273 ac
329 2243 475 2273 strenuo
502 2235 694 2284 negotium
722 2248 808 2278 esse,
829 2235 902 2284 qui,
923 2249 1039 2284 quum
1061 2236 1269 2284 cogitasset,
1293 2237 1413 2275 facere

152 2299 306 2337 auderet
324 2306 362 2336 et
382 2300 483 2349 prius
501 2300 674 2347 cogitare,
687 2313 803 2348 quam
818 2299 954 2336 conari.
969 2307 1186 2344 consuesset,
1201 2302 1412 2351 Autophra-

153 2362 278 2400 datem
309 2363 347 2400 in
376 2363 656 2412 Cappadociam
685 2363 814 2400 mittit.
883 2366 918 2399 2.
948 2363 1024 2400 Hic
1046 2377 1092 2400 ne
1114 2364 1254 2401 intrare
1280 2372 1411 2414 posset,

154 2427 303 2469 saltum,
321 2427 359 2462 in
374 2440 445 2475 quo
462 2426 601 2463 Ciliciae
617 2433 730 2475 portae
749 2433 836 2463 sunt
856 2426 945 2470 sitae,
960 2425 1145 2464 Datames
1159 2439 1413 2477 praeoccupare

156 2488 306 2525 studuit.
362 2492 397 2526 3.
431 2488 506 2526 Sed
528 2496 608 2526 tam
636 2488 758 2526 subito
785 2489 909 2538 copias
936 2490 1153 2526 contrahere
1180 2503 1252 2526 non
1279 2491 1409 2539 potuit.
