1575 2771
148 211 209 266 8.]
589 227 690 254 xv11.
722 226 963 253 AGESILAUs.
1350 219 1405 256 85

562 429 802 466 CAPUT
840 429 988 465 VIII.

200 506 232 538 1.
258 503 396 546 ATQUE
421 503 481 540 hic
504 509 633 539 tantus
653 503 719 545 vir,
741 509 784 538 ut
804 509 983 539 naturam
1001 503 1199 539 fautricem
1217 502 1402 540 habuerat

143 564 181 602 in
203 564 409 602 tribuendis
435 566 551 602 animi
574 565 787 607 virtutibus,
813 566 864 602 sic
890 566 1103 602 maleficam
1127 573 1261 602 nactus
1287 573 1342 603 est
1364 567 1403 603 in

142 641 288 678 corpore
314 627 496 677 fingendo.
554 629 660 665 Nam
687 635 725 665 et
750 635 896 665 statura
922 628 993 665 fuit
1019 629 1165 672 humili,
1193 635 1230 666 et
1256 642 1402 678 corpore

141 691 284 739 exiguo,
305 698 342 728 et
365 692 521 728 claudus
544 692 659 728 altero
685 692 784 740 pede.
843 691 936 736 Quae
960 705 1017 728 res
1042 692 1157 728 etiam
1182 693 1403 728 nonnullam

141 753 319 790 afferebat
342 752 639 798 deformitatem;
670 761 782 803 atque
804 754 931 801 ignoti,
953 754 1087 791 faciem
1110 755 1188 802 ejus
1211 768 1328 803 quum
1350 755 1402 791 in-

141 822 344 860 tuerentur,
367 817 665 861 contemnebant,
688 818 751 866 qui
776 824 905 854 autem
931 818 1091 854 virtutes
1116 825 1308 861 noverant,
1328 832 1402 856 non

140 886 311 928 poterant
331 879 508 917 admirari
527 882 627 917 satis.
687 884 720 916 2.
750 880 860 925 Quod
879 881 912 917 ei
932 894 1002 917 usu
1020 881 1134 924 venit,
1156 894 1272 929 quum
1292 895 1401 917 anno-

141 956 225 979 rum
250 944 437 991 octoginta
461 943 620 980 subsidio
641 944 771 980 Tacho
794 944 833 979 in
849 944 1066 992 AEgyptum
1086 943 1182 986 isset,
1200 950 1238 979 et
1256 944 1295 979 in
1315 950 1402 980 acta

140 1019 226 1042 cum
256 1006 330 1042 suis
360 1005 593 1042 accubuisset
623 1007 700 1041 sine
730 1006 806 1041 ullo
839 1011 954 1048 tecto„
981 1011 1215 1053 stratumque
1245 1006 1400 1042 haberet

139 1069 224 1111 tale,
238 1075 282 1105 ut
296 1075 396 1105 terra
411 1075 512 1105 tecta
527 1075 620 1104 esset
636 1068 862 1111 stramentis,
876 1081 994 1116 neque
1010 1069 1083 1104 huc
1101 1068 1271 1116 amplius,
1287 1082 1401 1117 quam

139 1131 243 1180 pellis
269 1138 362 1168 esset
387 1132 549 1180 injecta;
581 1130 783 1180 eodemque
810 1131 962 1168 comites
988 1145 1115 1167 omnes
1141 1131 1400 1168 accubuissent

141 1195 277 1231 vestitu
292 1195 427 1232 humili
447 1201 559 1244 atque
579 1194 749 1238 obsoleto,
766 1201 810 1230 ut
826 1208 954 1231 eorum
973 1201 1126 1231 ornatus
1145 1208 1219 1231 non
1237 1195 1346 1231 modo
1362 1195 1400 1231 in

139 1257 196 1294 his
217 1271 342 1306 regem
364 1258 552 1295 neminem
575 1258 810 1306 significaret,
832 1256 894 1294 sed
917 1258 1077 1294 hominis
1099 1271 1173 1294 non
1195 1257 1400 1294 beatissimi

137 1321 384 1369 suspicionem
401 1322 590 1370 praeberet.
641 1323 675 1357 3.
697 1321 824 1369 Hujus
843 1319 888 1357 de
908 1319 1075 1356 adventu
1094 1320 1197 1357 sama
1215 1334 1332 1369 quum
1352 1319 1400 1357 ad

137 1384 253 1432 regios
282 1391 377 1421 esset
406 1385 563 1433 perlata,
593 1384 760 1421 celeriter
788 1397 946 1420 munera
975 1397 1016 1419 eo
1047 1384 1225 1432 cujusque
1255 1383 1400 1431 generis

137 1453 224 1484 sunt
244 1447 372 1484 allata.
417 1448 490 1484 His
508 1446 758 1496 quaerentibus
778 1447 1000 1494 Agesilaum
1017 1446 1083 1482 vix
1101 1445 1192 1483 fides
1211 1446 1313 1483 sacta
1331 1452 1397 1490 est,

137 1523 256 1546 unum
274 1523 350 1547 esse
369 1523 416 1547 ex
432 1511 501 1554 his,
522 1511 586 1559 qui
604 1517 688 1547 tum
708 1510 955 1547 accubabant.
1012 1512 1048 1545 4.
1071 1509 1146 1554 Qui
1167 1522 1284 1558 quum
1303 1509 1398 1557 regis

136 1571 269 1616 verbis,
289 1586 370 1622 quae
394 1574 610 1616 attulerant,
631 1572 826 1615 dedissent,
848 1573 910 1609 ille
931 1579 1065 1621 praeter
1086 1572 1250 1608 vitulina
1271 1578 1309 1608 et
1331 1573 1398 1608 hu-

139 1634 302 1684 jusmodi
331 1649 467 1684 genera
495 1636 645 1684 opsonii,
677 1649 758 1683 quae
788 1648 946 1683 piaesens
976 1641 1124 1683 tempus
1153 1633 1397 1677 desiderabat,

136 1699 231 1736 nihil
249 1699 416 1748 accepit;
448 1705 651 1746 unguenta,
670 1712 820 1734 coronas
842 1697 1117 1746 secundamque
1139 1711 1310 1734 mensam
1329 1711 1399 1734 ser-

136 1762 193 1799 vis
215 1762 421 1812 dispertiit,
451 1768 574 1798 cetera
599 1762 724 1798 referri
742 1761 866 1809 jussit.
925 1760 1071 1805 5.Qu0
1091 1761 1189 1797 sacto
1212 1774 1300 1797 eum
1317 1761 1398 1798 bar-

135 1824 218 1862 bari
239 1826 359 1874 magis
381 1826 497 1862 etiam
521 1832 806 1867 contemserunt,
828 1774 947 1873 quod‘)
948 1838 1035 1861 eum
1059 1825 1270 1872 ignorantia
1288 1825 1399 1861 bona-

136 1902 220 1926 rum
238 1902 364 1926 rerum
382 1889 448 1925 illa
466 1889 701 1938 potissimum
720 1888 891 1924 sumsisse
912 1886 1203 1924 arbitrabantur.
1263 1889 1296 1923 6.
1322 1887 1398 1924 Hic

136 1965 252 2001 quum
270 1966 317 1990 ex
334 1953 503 2002 AEgypto
522 1958 783 1994 reverteretur,
805 1949 964 1988 donatus
988 1964 1011 1987 a
1029 1964 1114 1999 rege
1133 1948 1397 1987 Nectanabide

135 2015 304 2052 ducentis
328 2015 463 2064 viginti
487 2015 650 2059 talentis,
675 2028 755 2064 quae
782 2015 844 2051 ille
869 2014 1016 2051 muneri
1039 2015 1173 2064 populo
1193 2027 1258 2050 suo
1278 2012 1396 2057 daret,

137 2078 367 2127 venissetque
386 2078 425 2115 in
442 2085 602 2128 portum,
619 2078 682 2127 qui
701 2078 870 2114 Menelai
884 2084 1052 2121 vocatur,
1069 2078 1198 2125 jacens
1217 2077 1314 2114 inter
1327 2077 1398 2126 Cy-

137 2154 244 2178 renas
265 2148 303 2179 et
321 2142 548 2192 AEgyptum,
568 2142 608 2178 in
632 2140 807 2178 morbum
829 2141 1033 2190 implicitus
1056 2139 1223 2177 decessit.
1281 2142 1315 2176 7.
1338 2139 1394 2176 Ibi

137 2217 225 2240 eum
248 2205 369 2249 amici,
390 2219 461 2255 quo
482 2206 661 2254 Spartam
681 2205 826 2242 facilius
848 2205 1007 2255 perferre
1030 2212 1188 2255 possent,
1209 2202 1305 2254 quod
1323 2204 1397 2240 mel

138 2257 212 2302 non
234 2266 435 2311 habebant,
460 2281 543 2305 cera
567 2267 885 2305 circumfuderunt
909 2274 1020 2316 atque
1044 2269 1100 2304 ita
1122 2269 1276 2304 domum
1301 2272 1395 2303 retu-

139 2330 273 2367 lerunt.
