1575 2771
125 216 174 253 12
543 224 740 252 conNELn
771 223 960 250 NEPOTIS.
1262 208 1321 263 [5,
1342 214 1381 250 6.

119 328 190 364 que
213 327 288 363 qua
309 327 374 352 sex
395 313 585 351 mensibus
607 313 677 349 itcr
699 312 848 354 fecerat,
869 309 1001 348 eadem
1022 310 1147 348 minus
1168 309 1297 348 diebus
1319 312 1382 349 tri-

119 377 226 425 ginta
244 377 284 414 in
297 378 433 415 Asiam
453 390 622 414 reversus
641 382 707 419 cst,
724 389 833 424 seque
853 388 877 412 a
896 375 1149 411 Themistocle
1168 388 1242 412 non
1260 388 1382 424 super-

120 447 239 484 atum,
269 440 332 478 sed
361 447 622 478 conservatum
650 437 848 487 judicavit.
905 440 941 475 3.
974 438 1036 475 Sic
1064 438 1175 475 unius
1201 438 1273 475 viri
1299 452 1382 488 pru-

119 503 246 540 dentia
261 504 411 541 Graecia
428 505 588 541 liberata
603 510 658 539 est
673 503 906 551 Europaeque
926 501 1122 538 succubuit
1136 501 1241 539 Asia.
1287 502 1382 539 Haec

120 568 240 604 altera
261 567 427 610 victoria,
452 580 532 616 quae
556 580 642 603 cum
667 565 908 602 Marathonio
935 565 1048 614 possit
1076 565 1284 614 comparari
1311 572 1383 602 tro-

121 644 208 680 paeo.
257 631 363 668 Nam
378 631 459 680 pari
474 629 583 667 modo
599 628 700 679 apud
716 629 913 666 Salamina
926 643 1042 678 parvo
1057 643 1212 666 numero
1226 629 1382 666 navium

120 694 288 730 maxima
306 700 388 743 post
406 694 603 731 hominum
621 693 842 730 memoriam
862 693 987 730 classis
1006 700 1062 730 est
1080 691 1239 730 devicta.

575 874 816 911 CAPUT
854 874 935 925 vj.

177 953 209 986 1.
240 949 412 986 MAGNUS
444 949 514 986 hoc
546 948 643 985 bello
671 949 943 986 Themistocles
976 949 1057 994 fuit,
1091 963 1160 987 nec
1192 950 1314 988 minor
1344 950 1384 988 in

119 1025 221 1061 pace.
279 1012 408 1057 Quum
435 1012 537 1048 enim
564 1012 760 1049 Phalerico
792 1019 912 1061 portu,
942 1026 1061 1061 neque
1093 1027 1232 1062 magno
1264 1028 1384 1063 neque

120 1074 224 1119 bono,
249 1076 497 1112 Athenienses
524 1082 742 1113 uterentur:
771 1076 883 1123 hujus
910 1076 1059 1113 consilio
1087 1077 1224 1126 triplex
1251 1078 1383 1114 Piraeei

119 1146 247 1188 portus
267 1139 492 1176 constitutus
511 1145 576 1182 est,
594 1139 697 1187 isque
715 1139 899 1175 moenibus
917 1138 1181 1184 circumdatus,
1201 1147 1245 1177 ut
1263 1141 1383 1190 ipsam

119 1203 251 1239 urbem
273 1201 456 1250 dignitate
479 1202 736 1251 aequipararet,
757 1202 923 1238 utilitate
946 1209 1151 1252 superaret.
1210 1206 1245 1240 2.
1275 1202 1384 1241 Idem

118 1279 244 1302 muros
262 1266 554 1302 Atheniensium
572 1266 736 1303 restituit
755 1266 939 1316 praecipuo
957 1267 1120 1315 periculo
1140 1281 1215 1305 suo.
1263 1268 1384 1305 Nam-

119 1343 190 1378 que
212 1328 501 1373 Lacedaemonii,
527 1343 682 1366 causam
709 1328 882 1366 idoneam
909 1330 1013 1367 nacti
1040 1338 1190 1380 propter
1211 1330 1384 1369 barbaro-

119 1408 205 1431 rum
224 1395 465 1438 excursiones,
483 1408 557 1443 qua
571 1401 762 1443 negarent,
779 1401 945 1443 oportere
964 1401 1073 1431 extra
1088 1396 1384 1444 Peloponnesum

119 1458 239 1494 ullam
269 1459 401 1495 urbem
433 1457 581 1501 habere,
612 1472 659 1494 ne
692 1464 814 1495 0550111
846 1458 929 1495 loca
960 1458 1118 1501 munita,
1148 1472 1229 1507 quae
1262 1459 1385 1496 hostes

118 1521 356 1571 possiderent,
381 1522 630 1559 Athenienses
657 1520 883 1558 {edificantes
910 1521 1103 1570 prohibere
1131 1528 1218 1558 sunt
1246 1522 1382 1559 conati.

120 1586 156 1621 3.
187 1585 270 1622 Hoc
293 1586 401 1633 longe
425 1585 496 1622 alio
520 1585 726 1634 spectabat,
748 1591 860 1633 atque
883 1583 1002 1621 videri
1023 1584 1210 1622 volebant.
1267 1586 1384 1622 Athe-

118 1647 262 1684 nienses
281 1648 381 1685 enim
396 1647 542 1685 duabus
556 1648 731 1692 victoriis,
749 1648 996 1684 Marathonia
1010 1654 1048 1685 01
1064 1648 1285 1692 Salaminia,
1301 1655 1384 1687 11111·

119 1717 201 1748 tam
223 1711 382 1759 gloriam
405 1709 505 1760 apud
527 1725 657 1748 omnes
678 1717 810 1759 gentes
832 1717 940 1748 erant
962 1711 1160 1755 consecuti,
1184 1718 1228 1749 ut
1250 1712 1383 1749 intelli-

117 1781 247 1822 gerent
270 1773 558 1818 Lacedaemonii‚
581 1773 626 1811 de
653 1774 866 1823 principatu
893 1773 962 1811 sibi
990 1788 1078 1811 cum
1106 1775 1165 1812 his
1192 1782 1382 1813 certamen

117 1839 203 1876 sore.
250 1842 287 1875 4.
310 1839 438 1884 Quare
457 1852 516 1875 005
535 1852 650 1886 quam
668 1837 936 1874 infirmissimos
951 1851 1027 1875 esse
1043 1838 1230 1875 volebant.
1278 1839 1382 1876 Post·

117 1915 231 1951 quam
251 1908 380 1938 autem
400 1899 608 1945 audierunt,
625 1914 750 1937 muros
769 1901 912 1945 instrui,
928 1902 1070 1949 legatos
1085 1902 1257 1939 Athenas
1275 1903 1382 1940 mise·

117 1971 216 2007 runt,
238 1965 301 2014 qui
319 1963 357 2001 id
376 1965 455 2001 fieri
470 1971 654 2001 vetarent.
711 1964 784 2001 His
802 1964 1046 2014 praesentibus
1064 1964 1263 2011 desierunt,
1280 1980 1324 2003 ac
1343 1980 1382 2004 se

117 2026 161 2064 de
190 2041 235 2064 ca
257 2042 295 2064 re
322 2029 463 2076 legatos
486 2026 534 2064 ad
561 2041 621 2064 005
643 2027 818 2064 missuros
840 2026 1025 2065 dixerunt.
1083 2031 1130 2069 5..
1148 2029 1262 2066 Hanc
1284 2030 1380 2078 lega-

118 2091 256 2127 tionem
279 2091 440 2140 suscepit
463 2091 737 2128 Themistocles
764 2097 802 2127 et
830 2091 927 2128 solus
949 2091 1069 2140 primo
1091 2091 1276 2141 profectus
1298 2100 1378 2139 est;

116 2154 248 2203 reliqui
270 2155 387 2202 legati
408 2161 452 2192 ut
475 2161 559 2192 tum
586 2155 741 2198 exirent,
765 2168 883 2203 quum
905 2154 995 2192 satis
1019 2153 1177 2192 altitudo
1199 2156 1298 2193 muri
1320 2170 1380 2194 ex—

117 2224 263 2255 structa
281 2217 479 2262 videretur,
497 2218 672 2267 praecepit
688 2230 695 2262 ;
720 2218 872 2255 interim
891 2231 1028 2261 01111105,
1046 2218 1142 2256 servi
1162 2225 1275 2268 atque
1293 2219 1380 2257 libe-

117 2281 159 2321 ri.
180 2295 271 2331 opus
298 2281 476 2325 facerent,
497 2295 616 2330 11011110
643 2281 711 2318 ulli
738 2282 817 2318 loco
844 2288 1049 2331 parcerent,
1071 2282 1148 2319 sive
1170 2296 1282 2327 sacer,
1303 2283 1380 2321 sive

118 2345 304 2394 profanus,
325 2345 402 2382 sive
420 2346 590 2394 privatus
609 2352 715 2389 essct,
737 2345 815 2382 sive
833 2345 1015 2395 publicus,
1036 2352 1074 2382 et
1092 2344 1268 2395 undique,
1285 2345 1380 2396 quod

113 2407 292 2445 adoneum
312 2407 360 2446 ad
377 2407 623 2445 muniendum
642 2414 829 2458 putarent,
847 2414 1097 2456 congererent.
1137 2408 1221 2454 Quo
1236 2409 1377 2446 factum

119 2477 185 2513 051,
198 2479 242 2509 111
255 2473 543 2510 Atheniensium
558 2472 657 2509 muri
673 2485 719 2509 ex
734 2472 877 2509 sacellis
892 2472 1138 2520 sepulcrisque
1153 2478 1377 2509 constarent.
