1575 2771
71 179 85 214 l
98 176 148 213 10
482 187 680 215 colman
711 187 901 215 NEPOTIS.
1209 175 1267 229 [4‚
1290 182 1328 218 5.

65 276 242 321 concidit,
264 277 348 315 loca
367 276 558 327 patefecit,
575 276 714 314 itinera
736 276 886 321 muniit,
903 277 1109 327 effecitque,
1125 284 1170 316 ut
1188 291 1235 317 ea
1255 279 1328 317 cle·

64 341 232 390 phantus
259 348 410 379 ornatus
432 341 486 378 ire
507 347 643 391 posset,
667 354 743 390 qua
771 346 888 378 antea
914 354 1013 378 unus
1035 342 1148 379 homo
1176 342 1328 380 inermis

62 403 129 441 vix
144 409 293 453 poterat
314 416 450 453 repere.
506 402 594 440 Hac
613 401 736 451 copias
754 398 924 438 traduxit
941 400 982 437 in
1001 400 1228 450 Italiamque
1246 413 1324 450 per-

62 473 177 504 vemt.

515 647 756 685 CAPUT
795 647 876 685 IV.

120 727 152 760 1.
175 723 453 760 CONFLIXERAT
475 723 575 771 apud
597 720 832 759 Rhodanum
852 735 939 758 cum
959 722 1002 758 P.
1019 721 1189 759 Cornelio
1211 721 1326 771 Scipi-

62 800 130 823 one
153 786 312 829 consule,
337 799 497 834 eumque
520 785 725 835 pepulerat.
784 785 885 822 Cum
908 786 977 821 hoc
1001 786 1129 822 eodem
1153 784 1327 822 Clastidii

63 850 163 899 apud
188 847 338 886 Padum
366 847 553 885 decernit:
584 849 754 885 saucium
777 848 861 884 inde
886 861 929 884 ac
951 848 1127 896 fugatum
1155 848 1325 885 dimittit.

63 915 98 949 2.
125 913 254 949 Tertio
287 911 387 949 idem
424 912 546 961 Scipio
581 925 669 948 cum
697 912 848 960 collega,
874 910 1026 948 Tiberio
1054 912 1197 959 Longo,
1228 911 1328 961 apud

63 975 244 1013 Trebiam
268 974 443 1012 adversus
466 989 554 1012 eum
576 976 691 1011 venit.
750 975 851 1011 Cum
869 975 928 1011 his
950 988 1109 1011 manum
1131 975 1326 1020 conseruit,

62 1045 237 1088 utrosque
256 1039 480 1088 profligavit.
530 1039 623 1075 Inde
642 1052 706 1087 per
725 1038 886 1087 Ligures
902 1038 1147 1087 Apenninum
1166 1038 1326 1082 transiit,

62 1108 191 1152 petens
210 1102 419 1138 Etruriam.
469 1104 504 1138 3.
526 1102 610 1138 Hoc
630 1101 761 1138 itinere
781 1100 872 1138 adeo
891 1101 1000 1149 gravi
1018 1100 1146 1138 morbo
1166 1101 1329 1138 afficitur

63 1166 264 1208 oculorum,
289 1171 333 1202 ut
354 1171 484 1214 postea
504 1178 716 1213 numquam
739 1163 888 1201 dextero
916 1177 1018 1213 aeque
1040 1164 1134 1201 bene
1156 1177 1246 1201 usus
1268 1164 1327 1201 sit.

64 1228 152 1274 Qua
166 1227 383 1265 valetudine
399 1242 517 1277 quum
535 1229 653 1265 etiam
671 1241 771 1265 nunc
789 1234 1020 1277 premeretur
1037 1228 1244 1277 lecticaque
1262 1228 1330 1265 ser-

63 1299 176 1336 retur,
199 1292 243 1329 C.
262 1292 496 1329 Flaminium
519 1293 708 1329 consulem
732 1292 832 1342 apud
859 1292 1127 1329 Trasimenum
1155 1305 1242 1329 cum
1270 1306 1329 1329 ex-

64 1356 191 1399 ercitu,
212 1356 354 1392 insidiis
373 1356 687 1399 circumventum,
708 1355 842 1392 occidit
859 1367 867 1400 ;
897 1369 1016 1404 neque
1035 1356 1156 1392 multo
1179 1362 1262 1405 post
1282 1355 1326 1393 C.

65 1418 293 1456 Centenium
308 1425 513 1468 praetorem,
531 1432 619 1455 cum
638 1417 783 1456 delecta
800 1432 918 1455 manu
938 1419 1054 1455 saltus
1069 1425 1327 1468 occupantem.

64 1483 167 1520 Hinc
189 1482 226 1519 in
251 1482 436 1531 Apuliam
457 1482 637 1531 pervenit.
694 1484 730 1518 4.
752 1482 812 1519 Ibi
831 1481 983 1519 obviam
1002 1482 1036 1519 ei
1055 1488 1239 1519 venerunt
1258 1482 1330 1519 duo

65 1547 242 1589 consules,
260 1545 305 1582 C.
323 1545 524 1582 Terentius
543 1551 581 1582 et
599 1545 647 1582 L.
670 1545 862 1582 AEmilius.
921 1545 1129 1594 Utriusque
1148 1545 1332 1582 exercitus

64 1622 138 1646 uno
167 1609 294 1658 proelio
322 1608 492 1657 fugavit;
527 1609 708 1646 Paullum
735 1609 924 1646 consulem
952 1609 1087 1646 occidit
1119 1615 1157 1646 et
1190 1609 1332 1658 aliquot

64 1678 244 1722 praeterea
277 1673 496 1716 consulares,
526 1672 566 1710 in
592 1673 650 1710 his
679 1672 750 1710 Cn.
784 1672 990 1710 Servilium
1019 1672 1238 1717 Geminum,
1267 1672 1331 1723 qui

66 1749 163 1774 anno
182 1735 366 1786 superiore
385 1736 509 1774 suerat
528 1736 666 1774 consul.

539 1919 780 1956 CAPUT
817 1919 865 1956 V.

123 1999 155 2033 1.
180 1995 269 2032 HAc
298 2007 427 2045 pugna
453 2001 635 2045 pugnata,
659 1995 830 2032 Romam
851 1994 1035 2044 profectus
1057 2001 1123 2038 est,
1148 1995 1251 2032 nullo
1278 2008 1330 2032 re·

66 2060 228 2097 sistente.
277 2059 325 2096 In
343 2058 556 2108 propinquis
572 2057 674 2095 urbis
692 2058 881 2095 montibus
900 2065 1066 2095 moratus
1085 2065 1151 2096 est.
1199 2058 1331 2104 Quum

67 2125 209 2173 aliquot
228 2122 280 2160 ibi
299 2123 376 2160 dies
396 2129 519 2160 castra
537 2122 730 2160 habuisset
753 2129 790 2160 et
812 2129 1060 2160 reverteretur
1079 2122 1265 2172 Capuam,
1282 2122 1330 2168 Q.

67 2187 212 2225 Fabius
234 2187 442 2230 Maximus,
467 2186 627 2224 dictator
649 2186 859 2229 Romanus,
880 2186 920 2223 in
942 2199 1030 2235 agro
1053 2185 1215 2222 Falerno
1238 2199 1275 2222 se
1298 2185 1333 2223 ei

67 2251 212 2300 objecit.
271 2253 306 2287 2.
331 2251 407 2287 Hic
435 2251 583 2287 clausus
605 2250 770 2286 locorum
799 2249 990 2298 angustiis,
1011 2255 1124 2286 noctu
1152 2249 1230 2286 sine
1256 2249 1333 2286 ullo

68 2313 292 2352 detrimento
311 2314 506 2356 exercitus,
520 2326 558 2350 se
577 2312 787 2362 expedivit3
815 2312 946 2355 Fabio,
963 2312 1200 2349 callidissimo
1218 2311 1332 2361 impe-

68 2378 193 2421 ratori,
224 2376 340 2414 verba
372 2377 484 2414 dedit.
541 2376 721 2425 Namque
753 2373 916 2413 obducta
942 2381 1050 2412 nocte
1078 2380 1267 2412 sarmenta
1293 2373 1332 2410 in

71 2439 241 2477 cornibus
258 2441 506 2489 juveneorum
525 2438 692 2488 deligata
711 2439 887 2482 incendit,
907 2439 1058 2487 ejusque
1077 2437 1221 2486 generis
1237 2436 1332 2474 mul-
