1575 2771
135 175 213 212 128
553 184 749 211 CORNELH
780 185 968 211 Nffl‘o‘ms.
1274 174 1332 223 33,
1353 175 1391 210 9.

130 274 175 311 P.
199 274 389 311 Lentulus
418 274 607 323 Spinther,
633 272 773 309 AEdilis
805 272 953 315 curulis,
977 273 1120 322 primus
1146 274 1186 310 in
1212 279 1394 323 praetexta

128 350 217 375 usus
237 337 542 388 improbabatur:
573 349 648 385 qua.
670 349 838 385 purpura
859 335 940 384 quis
962 349 1036 372 non
1057 337 1154 384 jam,
1177 337 1309 386 inquit,
1330 336 1395 374 tri-

128 401 286 439 clinaria
303 402 406 439 facit.
465 400 591 444 Plin„
612 400 675 443 ix„
698 401 746 436 63
769 399 866 448 (39).

182 466 217 501 7.
243 465 441 514 Onychern
460 464 577 501 etiam
596 469 681 500 tum
700 463 740 499 in
759 461 910 499 Arabiae
928 462 1131 506 montibus,
1152 475 1219 499 nec
1238 475 1395 512 usquam

129 527 247 565 aliubi
268 528 372 565 nasci
394 534 577 577 putavere
599 526 717 563 nostri
741 532 905 563 veteres:
937 526 1098 563 Sudines
1116 526 1157 562 in
1176 525 1395 569 Germania„

127 591 279 641 potoriis
298 592 398 628 vasis
419 589 505 627 inde
528 590 638 627 sactis
655 590 831 639 primum,
853 587 939 626 dein
956 590 1112 638 pedibus
1131 589 1314 626 lectorum
1333 590 1398 626 sel-

127 654 270 703 lisque;
301 654 448 691 Cornel.
471 654 600 702 Nepos
625 653 743 690 tradjt
769 666 908 701 magno
930 652 1041 690 fuisse
1062 653 1256 695 miraculo,
1281 666 1399 702 quum

128 718 172 753 P.
191 717 380 754 Lentulus
397 717 575 766 Spinther
595 718 794 766 amphoras
812 731 859 754 ex
877 731 919 754 eo
936 717 1119 755 Chiorum
1137 715 1400 765 magnitudine

129 777 307 816 cadorum
325 780 542 816 ostendisset
558 792 564 816 :
589 786 671 828 post
685 779 982 828 quinquennium
1000 779 1142 823 deinde,
1160 780 1320 829 triginta
1334 778 1399 816 du-

128 857 235 881 orum
248 844 387 893 pedum
401 842 633 893 longitudine
649 844 844 880 columnas
858 843 993 881 vidisse
1008 857 1058 881 se.
1111 843 1240 887 Plin„
1256 844 1399 887 xxxvi„

133 909 181 944 12
203 908 273 957 (7).

579 1088 611 1126 C
628 1090 665 1125 A
680 1089 713 1125 P
729 1089 768 1126 U
785 1089 820 1125 T
867 1089 889 1126 Ι
900 1089 953 1125 X.

185 1167 218 1201 1.
248 1164 390 1209 Νέπως
421 1162 465 1199 δὲ
499 1162 734 1211 Κορνήλιος,
765 1161 840 1211 οὐχ
867 1161 945 1199 ὑπὸ
973 1163 1114 1211 γήρως,
1143 1164 1276 1212 φησίν,
1308 1161 1400 1200 οὐδὲ

130 1228 249 1264 νόσου
277 1227 529 1276 παραλλάξαι
557 1227 630 1262 τὸν
654 1226 926 1271 Λούκουλλον,
946 1225 1055 1263 ἀλλὰ
1082 1228 1298 1275 φαρμάκοις
1320 1225 1401 1264 ὑπό

129 1304 238 1337 τινος
261 1292 342 1328 τῶν
370 1290 644 1339 ἀπελευθέρων
673 1289 977 1336 Καλλισθένους
1005 1290 1282 1339 διαφθαρέντα.
1338 1291 1401 1326 Τὰ,

129 1354 172 1391 δὲ
196 1355 378 1403 φάρμακα
398 1354 560 1402 δοθῆναι
579 1354 652 1401 μὲν
671 1351 723 1398 ὡς
743 1352 932 1402 ἀγαπῷτο
951 1354 1108 1401 μᾶλλον
1133 1353 1153 1390 ὁ
1172 1354 1400 1391 Καλλισθέ-

131 1431 200 1466 νης
219 1417 284 1455 ὑπ’
304 1416 442 1462 αὑτοῦ,
463 1418 654 1466 τοιαύτην
678 1415 787 1466 «ἔχειν
807 1416 1004 1454 δοκοῦντα
1023 1418 1099 1465 τὴν
1117 1416 1285 1465 δύναμιν
1299 1431 1306 1438 ·
1336 1416 1401 1454 ἐκ·

130 1483 272 1530 στῆσαι
301 1481 344 1518 δὲ
373 1483 438 1518 καὶ
467 1481 692 1518 καταλῦσαι
721 1483 793 1517 τὸν
823 1481 1027 1529 λογισμόν,
1051 1479 1140 1526 ‹bg-7⁵
1164 1479 1223 1517 ἔτι
1251 1481 1401 1527 ζῶντος

131 1544 268 1590 αὐτοῦ,
288 1546 364 1593 τὴν
385 1543 526 1581 οὐσίαν
545 1544 709 1581 διοικεῖν
729 1546 801 1581 τὸν
821 1543 1008 1592 ἀδελφόν.
1049 1543 1161 1581 Ρῖιιτ.
1179 1544 1220 1581 in
1233 1544 1397 1588 LucuU„

130 1615 237 1653 extr„
259 1622 289 1645 c.
311 1610 376 1645 43.

184 1675 220 1709 2.
250 1672 391 1718 Νέπως
414 1670 435 1708 ὁ
459 1672 684 1720 Κορνήλιός
707 1675 839 1720 φησιν,
864 1670 910 1708 οὐ
934 1671 1132 1720 Κράσσου,
1156 1671 1333 1718 Βρούτου
1355 1671 1399 1708 δὲ

130 1735 467 1785 θριαμὸεύσαντος
494 1734 572 1772 ἀπὸ
600 1736 858 1772 Λουσιτανῶν
885 1735 1091 1784 θυγατέρα
1117 1736 1238 1784 γῆμαι
1264 1737 1397 1773 Γάϊον.

135 1800 245 1838 Plut.
266 1800 307 1837 in
326 1800 505 1843 Gracch„
525 1813 556 1837 c.
579 1802 640 1837 21.

185 1866 220 1900 3.
243 1863 406 1912 Ἀννίὸᾳ
424 1862 467 1899 ὁὲ
487 1864 569 1899 τῶν
587 1863 660 1911 μὲν
679 1861 819 1899 ἄλλων
839 1861 1052 1911 ἐλάχιστος
1070 1860 1119 1911 ὴν
1138 1862 1273 1912 λόγος,
1294 1863 1398 1911 Μάρ-

131 1926 279 1963 κελλον
300 1925 343 1963 δὲ
362 1926 610 1962 πεπτωκέναι
630 1926 857 1975 πυθόμενος,
878 1924 1000 1971 αὐτὸς
1019 1925 1226 1975 ἐξέδραμεν
1241 1925 1307 1962 ἐπὶ
1326 1927 1398 1963 τὸν

131 1989 268 2026 τόπον.
316 1991 397 2026 Καὶ
416 1990 472 2038 τῷ
493 1990 616 2038 νεκρῷ
637 1990 841 2038 παραστὰς
860 1990 927 2026 καὶ
945 1989 1076 2027 πολὺν
1090 1989 1241 2038 χρόνον
1259 1990 1336 2038 τήν
1354 2003 1398 2026 τε

130 2051 262 2101 ῥώμην
290 2054 363 2090 τοῦ
387 2053 564 2102 σώματος
593 2053 830 2102 καταμαθὼν
853 2054 918 2090 καὶ
941 2054 989 2089 τὸ
1013 2051 1127 2099 εἶδος,
1147 2052 1240 2090 οὔτε
1261 2055 1398 2102 φωνὴν

132 2115 283 2165 ἀφῆκεν
306 2115 571 2165 ὑπερήφανον,
591 2115 684 2154 οὔτε
709 2115 774 2153 ἀπ’
795 2115 924 2166 ὄψεως
946 2119 993 2153 τὸ
1013 2118 1169 2166 χαῖρον,
1189 2116 1242 2163 ὡς
1265 2116 1315 2154 ἅν
1337 2130 1399 2164 τις

132 2179 284 2229 ἐργώδη
317 2180 506 2229 πολέμιον
536 2182 602 2218 καὶ
629 2181 759 2230 βαρὺν
787 2179 1026 2227 ἀπεκτονώς,
1049 2179 1249 2230 ἐξέφηνεν.
1305 2180 1399 2218 ἀλλ’

133 2243 400 2292 ἐπιθαυμάσας
427 2245 474 2280 τὸ
498 2245 730 2293 παράλογον
753 2246 824 2293 τῆς
847 2244 1049 2293 τελευτῆς,
1069 2246 1141 2281 τὸν
1164 2246 1236 2294 μὲν
1259 2244 1399 2282 darer-15-

132 2308 223 2344 λιον
246 2307 445 2354 ἀφείλετο,
466 2309 513 2344 τὸ
536 2308 579 2344 ὁὲ
603 2309 711 2357 σῶμα
734 2309 931 2358 κοσμήσας
953 2309 1143 2357 πρέποντι
1166 2309 1308 2358 κόσμῳ,
1332 2308 1397 2344 καὶ

133 2372 383 2420 περιστείλας
411 2371 576 2421 ἐντίμως
604 2371 757 2416 ἔκαυσε,
781 2373 847 2408 καῖ
876 2373 926 2409 τὰ
954 2372 1131 2421 λείψανα
1159 2372 1315 2416 συνθεὶς
1340 2369 1397 2416 εἰς

135 2435 291 2484 κάλπην
312 2435 501 2485 ἀργυρᾶν,
517 2437 582 2473 καὶ
600 2437 779 2485 χρυσοῦν
795 2435 975 2486 ε’μδαλὼν
994 2437 1205 2484 στέφανον,
1220 2433 1394 2490 ἀπέστει-
