1575 2771
132 213 170 258 7,
188 208 249 263 8.]
606 221 692 247 xlv.
721 221 932 247 DATAMEs.
1348 215 1402 253 65

130 313 168 349 A
187 325 262 362 qua
283 325 322 349 re
342 309 528 360 depulsus,
550 324 638 348 cum
657 324 703 348 ea
721 324 849 352 mauu,
871 320 985 360 quam
1009 317 1257 355 contraxerat,
1278 313 1402 352 locum

129 375 266 424 delegit
285 375 414 418 talem,
431 381 475 412 ut
494 388 614 424 neque
634 375 892 412 circumiretur
913 374 960 412 ab
975 374 1154 419 hostibus,
1175 389 1295 425 neque
1313 390 1402 426 prac-

128 439 257 476 teriret
286 437 531 483 adversarius,
552 439 643 488 quin
671 437 896 488 ancipitibus
923 439 1012 476 locis
1039 446 1271 489 premeretur
1299 447 1347 484 et,
1373 441 1402 478 si

127 502 305 540 dimicare
320 516 408 540 cum
421 516 463 540 eo
475 503 600 547 vellet,
613 516 688 540 11011
701 503 868 540 multum
881 501 1005 540 obesse
1020 503 1223 540 multitudo
1235 504 1401 541 hostium

127 580 202 604 suae
219 566 406 618 paucitati
422 573 558 617 posset.

551 749 791 788 CAPUT
829 750 976 788 VIII.

183 828 217 862 1.
246 825 347 862 Haec
377 824 448 862 etsi
469 823 780 874 Autophradates
807 824 972 869 videbat,
997 832 1128 863 tamen
1155 826 1290 864 statuit
1318 840 1399 864 con-

125 887 240 937 gredi,
256 901 373 937 quam
392 901 480 925 cum
500 888 618 925 tantis
638 888 750 938 copiis
769 889 946 937 refugere,
965 896 1032 926 aut
1050 896 1133 926 tam
1149 888 1214 926 diu
1227 904 1302 927 uno
1321 891 1400 928 loco

125 952 260 989 sedere.
319 954 354 988 2.
384 951 566 989 Habebat
589 951 836 989 barbarorum
863 953 1033 1001 equitum
1056 954 1203 1001 viginti,
1227 953 1399 1003 peditum

123 1019 278 1051 centum
292 1014 423 1057 millia,
437 1027 527 1062 quos
541 1014 596 1050 illi
610 1013 802 1051 Cardacas
818 1015 1022 1064 appellant,
1037 1014 1278 1065 ejusdemque
1293 1030 1400 1065 gene-

122 1077 171 1114 ris
185 1076 260 1114 tria
270 1074 523 1114 funditorum:
543 1084 726 1126 praeterea
738 1076 1011 1127 Cappadocum
1027 1085 1119 1122 octo,
1131 1080 1399 1117 Armeniorum

122 1138 263 1184 decem,
289 1140 582 1190 Paphlagonum
610 1141 782 1190 quinque,
807 1142 1004 1191 Phrygum
1037 1143 1178 1187 decem,
1202 1143 1399 1193 Lydorum

121 1204 294 1254 quinque,
316 1203 593 1254 Aspendiorum
626 1211 664 1242 et
694 1204 911 1243 Pisidarum
945 1206 1092 1244 circiter
1122 1207 1208 1251 tria,
1234 1207 1399 1246 Cilicum

121 1268 204 1312 duo,
220 1268 495 1318 Captianorum
513 1267 683 1313 totidem,
701 1283 748 1306 ex
764 1269 915 1307 Graecia
934 1271 1203 1308 conductorum
1222 1272 1298 1309 tria
1315 1273 1399 1309 mil-

119 1331 193 1369 lia:
216 1332 310 1369 levis
330 1339 533 1370 armaturae
551 1333 766 1370 maximum
784 1347 998 1371 numerum.
1055 1337 1091 1372 3.
1117 1335 1201 1372 Has
1221 1334 1399 1374 adversus

120 1395 244 1445 copias
266 1409 348 1446 spes
369 1396 490 1433 omnis
512 1396 740 1434 consistebat
759 1397 921 1435 Datami
944 1398 984 1435 in
1006 1412 1044 1435 se
1066 1399 1210 1448 locique
1231 1406 1394 1437 natura:

119 1472 285 1509 namque
319 1460 432 1509 hujus
467 1467 616 1510 partem
651 1474 727 1498 non
759 1461 927 1499 habebat
957 1462 1179 1500 vicesimam
1214 1463 1392 1501 militum.

121 1522 268 1568 Quibus
286 1523 402 1561 fietus
425 1524 604 1568 conflixit,
627 1525 999 1575 adversariorumque
1021 1527 1149 1563 multa
1169 1527 1293 1564 millia
1315 1541 1397 1565 con-

122 1585 222 1631 cidit,
243 1601 360 1636 quum
383 1585 429 1624 de
451 1588 566 1637 ipsius
591 1589 756 1625 exercitu
783 1603 858 1626 non
884 1590 1046 1639 amplius
1069 1591 1267 1628 hominum
1292 1591 1396 1628 mille

120 1650 323 1687 cecidisset.
380 1650 511 1696 Quam
538 1650 585 1688 ob
613 1665 769 1689 causam
796 1659 940 1702 postero
963 1652 1022 1690 die
1050 1659 1233 1703 tropaeum
1259 1655 1394 1704 posuit,

121 1726 192 1762 quo
206 1713 285 1750 1000
300 1712 417 1763 pridie
431 1720 644 1763 pugnatum
659 1721 751 1752 erat.
809 1719 845 1752 4.
871 1716 974 1753 Hinc
989 1730 1106 1766 quum
1123 1724 1248 1754 castra
1262 1719 1396 1756 movis-

121 1783 189 1821 set,
207 1790 422 1826 semperque
441 1777 590 1815 inferior
609 1778 732 1828 copiis,
754 1779 918 1828 superior
937 1781 1109 1817 omnibus
1128 1781 1265 1831 proeliis
1283 1781 1396 1820 disce-

104 1841 232 1896 jeret,
253 1839 352 1890 quod
373 1854 586 1890 numquam
607 1854 767 1879 manum
790 1851 1007 1888 consereret,
1028 1845 1099 1882 nisi
1122 1859 1242 1894 quum
1266 1845 1396 1884 adver-

117 1904 232 1942 sarios
264 1905 431 1942 locorum
465 1906 648 1954 angustiis
681 1907 873 1945 clausisset
904 1907 1019 1958 (quod
1047 1909 1165 1958 perito
1198 1910 1396 1958 regionum

116 1967 322 2019 callideque
359 1970 544 2018 cogitanti
580 1984 675 2021 saepe
713 1970 935 2023 accidebat).
1007 1975 1042 2009 5.
1073 1972 1393 2023 Autophradates,

116 2046 235 2082 quum
249 2032 394 2070 bellum
409 2032 497 2071 duci
511 2035 652 2083 majore
672 2036 769 2084 regis
788 2037 1018 2080 calamitate,
1033 2050 1150 2086 quam
1170 2038 1396 2075 adversario-

117 2109 214 2140 rum,
235 2095 390 2141 videret,
412 2096 461 2135 ad
483 2112 617 2148 pacem
645 2100 930 2149 amicitiamque
952 2101 1126 2138 hortatus
1153 2108 1219 2145 est,
1240 2108 1284 2139 ut
1307 2116 1394 2139 cum

117 2173 203 2209 rege
224 2160 265 2198 in
286 2161 454 2209 gratiam
474 2161 622 2200 rediret.
681 2165 715 2200 6.
747 2164 877 2209 Quam
899 2165 962 2201 ille
990 2165 1059 2201 etsi
1081 2163 1199 2202 fidam
1221 2179 1296 2202 non
1318 2166 1394 2202 sore

117 2222 291 2273 putabat,
315 2231 447 2262 tamen
474 2225 726 2264 conditionem
755 2228 899 2277 accepit
928 2242 1039 2277 seque
1069 2227 1118 2265 ad
1139 2230 1394 2266 Artaxerxem

115 2287 262 2336 legatos
297 2288 501 2326 missurum
531 2290 636 2328 dixit.
710 2291 773 2328 Sic
804 2292 958 2335 bellum,
983 2290 1080 2340 quod
1112 2305 1179 2328 rex
1216 2290 1393 2329 adversus

118 2352 327 2389 Datamem
342 2359 565 2403 susceperat,
580 2352 765 2391 sedatum.
809 2353 1118 2405 Autophradates
1132 2355 1171 2392 in
1184 2355 1391 2405 Phrygiam

117 2428 156 2454 se
177 2414 329 2468 recepit.

674 2501 832 2508 ——-
