<?xml version="1.0" encoding="UTF-8"?>
<!DOCTYPE html PUBLIC "-//W3C//DTD XHTML 1.0 Transitional//EN"
    "http://www.w3.org/TR/xhtml1/DTD/xhtml1-transitional.dtd">
<html xmlns="http://www.w3.org/1999/xhtml" xml:lang="en" lang="en">
 <head>
  <title>
</title>
<meta http-equiv="Content-Type" content="text/html;charset=utf-8" />
  <meta name='ocr-system' content='tesseract 3.04.00' />
  <meta name='ocr-capabilities' content='ocr_page ocr_carea ocr_par ocr_line ocrx_word'/>
</head>
<body>
  <div class='ocr_page' id='page_1' title='image "./corneliusnepo00nepouoft_0127.png"; bbox 0 0 1575 2771; ppageno 0'>
   <div class='ocr_carea' id='block_1_1' title="bbox 172 211 1429 273">
    <p class='ocr_par' dir='ltr' id='par_1_1' title="bbox 172 211 1429 273">
     <span class='ocr_line' id='line_1_1' title="bbox 172 211 1429 273; baseline 0.002 -21"><span class='ocrx_word' id='word_1_1' title='bbox 172 216 211 273; x_wconf 73' lang='grc'>5,</span> <span class='ocrx_word' id='word_1_2' title='bbox 228 211 288 267; x_wconf 88' lang='grc'>6.]</span> <span class='ocrx_word' id='word_1_3' title='bbox 617 227 736 253; x_wconf 83' lang='lat' dir='ltr'>xxm.</span> <span class='ocrx_word' id='word_1_4' title='bbox 764 226 992 253; x_wconf 83' lang='lat' dir='ltr'>HANNBIAL.</span> <span class='ocrx_word' id='word_1_5' title='bbox 1355 219 1429 255; x_wconf 79' lang='lat'>111</span> 
     </span>
    </p>
   </div>
   <div class='ocr_carea' id='block_1_2' title="bbox 134 302 1434 1060">
    <p class='ocr_par' dir='ltr' id='par_1_2' title="bbox 134 302 1434 1060">
     <span class='ocr_line' id='line_1_2' title="bbox 170 302 1433 363; baseline 0.002 -13"><span class='ocrx_word' id='word_1_6' title='bbox 170 313 371 351; x_wconf 81' lang='lat' dir='ltr'>titudinem</span> <span class='ocrx_word' id='word_1_7' title='bbox 389 327 570 362; x_wconf 86' lang='lat' dir='ltr'>magnam</span> <span class='ocrx_word' id='word_1_8' title='bbox 589 314 816 363; x_wconf 78' lang='lat' dir='ltr'>dispalatam</span> <span class='ocrx_word' id='word_1_9' title='bbox 835 314 1004 351; x_wconf 83' lang='lat' dir='ltr'><strong>immisit.</strong></span> <span class='ocrx_word' id='word_1_10' title='bbox 1061 313 1145 359; x_wconf 87' lang='lat' dir='ltr'>Quo</span> <span class='ocrx_word' id='word_1_11' title='bbox 1164 302 1355 363; x_wconf 78' lang='lat' dir='ltr'>repentino</span> <span class='ocrx_word' id='word_1_12' title='bbox 1374 317 1433 353; x_wconf 91' lang='lat' dir='ltr'>ob-</span> 
     </span>
     <span class='ocr_line' id='line_1_3' title="bbox 170 376 1434 426; baseline 0.001 -13"><span class='ocrx_word' id='word_1_13' title='bbox 170 376 274 424; x_wconf 86' lang='lat' dir='ltr'>jectu</span> <span class='ocrx_word' id='word_1_14' title='bbox 295 377 373 413; x_wconf 88' lang='lat' dir='ltr'>viso</span> <span class='ocrx_word' id='word_1_15' title='bbox 393 383 545 414; x_wconf 82' lang='lat' dir='ltr'>tantum</span> <span class='ocrx_word' id='word_1_16' title='bbox 566 384 740 414; x_wconf 79' lang='lat' dir='ltr'>terrorem</span> <span class='ocrx_word' id='word_1_17' title='bbox 759 378 887 426; x_wconf 80' lang='lat' dir='ltr'>injecit</span> <span class='ocrx_word' id='word_1_18' title='bbox 907 378 1084 415; x_wconf 86' lang='lat' dir='ltr'>exercitui</span> <span class='ocrx_word' id='word_1_19' title='bbox 1100 378 1374 422; x_wconf 79' lang='lat' dir='ltr'>Romanorum,</span> <span class='ocrx_word' id='word_1_20' title='bbox 1390 385 1434 415; x_wconf 90' lang='lat' dir='ltr'>ut</span> 
     </span>
     <span class='ocr_line' id='line_1_4' title="bbox 168 439 1433 492; baseline 0.002 -16"><span class='ocrx_word' id='word_1_21' title='bbox 168 439 291 488; x_wconf 82' lang='lat' dir='ltr'>egredi</span> <span class='ocrx_word' id='word_1_22' title='bbox 324 446 431 477; x_wconf 78' lang='lat' dir='ltr'>extra</span> <span class='ocrx_word' id='word_1_23' title='bbox 458 442 604 478; x_wconf 90' lang='lat' dir='ltr'>vallum</span> <span class='ocrx_word' id='word_1_24' title='bbox 637 455 745 477; x_wconf 85' lang='lat' dir='ltr'>nemo</span> <span class='ocrx_word' id='word_1_25' title='bbox 779 441 826 477; x_wconf 89' lang='lat' dir='ltr'>sit</span> <span class='ocrx_word' id='word_1_26' title='bbox 860 454 982 477; x_wconf 90' lang='lat' dir='ltr'>ausus.</span> <span class='ocrx_word' id='word_1_27' title='bbox 1041 443 1076 477; x_wconf 80' lang='lat'>3.</span> <span class='ocrx_word' id='word_1_28' title='bbox 1101 441 1215 478; x_wconf 87' lang='lat' dir='ltr'>Hanc</span> <span class='ocrx_word' id='word_1_29' title='bbox 1243 448 1326 492; x_wconf 87' lang='lat' dir='ltr'>post</span> <span class='ocrx_word' id='word_1_30' title='bbox 1354 455 1433 478; x_wconf 90' lang='lat' dir='ltr'>rem</span> 
     </span>
     <span class='ocr_line' id='line_1_5' title="bbox 167 504 1433 553; baseline 0.001 -13"><span class='ocrx_word' id='word_1_31' title='bbox 167 509 314 552; x_wconf 86' lang='lat' dir='ltr'>gestam</span> <span class='ocrx_word' id='word_1_32' title='bbox 336 517 410 541; x_wconf 87' lang='lat' dir='ltr'>non</span> <span class='ocrx_word' id='word_1_33' title='bbox 429 505 484 541; x_wconf 81' lang='lat' dir='ltr'>ita</span> <span class='ocrx_word' id='word_1_34' title='bbox 502 504 632 541; x_wconf 83' lang='lat' dir='ltr'>multis</span> <span class='ocrx_word' id='word_1_35' title='bbox 655 505 783 540; x_wconf 79' lang='lat' dir='ltr'>(liebus</span> <span class='ocrx_word' id='word_1_36' title='bbox 803 504 860 540; x_wconf 87' lang='lat' dir='ltr'>M.</span> <span class='ocrx_word' id='word_1_37' title='bbox 879 504 1095 541; x_wconf 85' lang='lat' dir='ltr'>Minucium</span> <span class='ocrx_word' id='word_1_38' title='bbox 1114 504 1277 548; x_wconf 82' lang='lat' dir='ltr'>Rufum,</span> <span class='ocrx_word' id='word_1_39' title='bbox 1298 505 1433 553; x_wconf 83' lang='lat' dir='ltr'>magis-</span> 
     </span>
     <span class='ocr_line' id='line_1_6' title="bbox 168 566 1433 617; baseline 0.001 -13"><span class='ocrx_word' id='word_1_40' title='bbox 168 573 271 604; x_wconf 86' lang='lat' dir='ltr'>trum</span> <span class='ocrx_word' id='word_1_41' title='bbox 293 568 474 616; x_wconf 86' lang='lat' dir='ltr'>equitum,</span> <span class='ocrx_word' id='word_1_42' title='bbox 494 568 574 617; x_wconf 82' lang='lat' dir='ltr'>pari</span> <span class='ocrx_word' id='word_1_43' title='bbox 599 581 642 604; x_wconf 92' lang='lat' dir='ltr'>ac</span> <span class='ocrx_word' id='word_1_44' title='bbox 665 568 886 604; x_wconf 87' lang='lat' dir='ltr'>dictatorem</span> <span class='ocrx_word' id='word_1_45' title='bbox 913 567 1079 616; x_wconf 85' lang='lat' dir='ltr'>imperio,</span> <span class='ocrx_word' id='word_1_46' title='bbox 1104 566 1186 605; x_wconf 87' lang='lat' dir='ltr'>dolo</span> <span class='ocrx_word' id='word_1_47' title='bbox 1208 567 1433 617; x_wconf 88' lang='lat' dir='ltr'>productum</span> 
     </span>
     <span class='ocr_line' id='line_1_7' title="bbox 165 630 1433 679; baseline 0.001 -12"><span class='ocrx_word' id='word_1_48' title='bbox 165 643 206 667; x_wconf 86' lang='lat' dir='ltr'>m</span> <span class='ocrx_word' id='word_1_49' title='bbox 232 631 414 679; x_wconf 85' lang='lat' dir='ltr'>proelium,</span> <span class='ocrx_word' id='word_1_50' title='bbox 439 630 597 679; x_wconf 86' lang='lat' dir='ltr'>fugavit.</span> <span class='ocrx_word' id='word_1_51' title='bbox 656 630 717 666; x_wconf 83' lang='lat' dir='ltr'>Ti.</span> <span class='ocrx_word' id='word_1_52' title='bbox 745 630 1009 679; x_wconf 80' lang='lat' dir='ltr'>Sempronium</span> <span class='ocrx_word' id='word_1_53' title='bbox 1038 631 1269 675; x_wconf 86' lang='lat' dir='ltr'>Gracchum,</span> <span class='ocrx_word' id='word_1_54' title='bbox 1294 631 1433 669; x_wconf 89' lang='lat' dir='ltr'>iterum</span> 
     </span>
     <span class='ocr_line' id='line_1_8' title="bbox 134 694 1429 737; baseline 0.001 -6"><span class='ocrx_word' id='word_1_55' title='bbox 134 711 137 713; x_wconf 92' lang='lat'>·</span> <span class='ocrx_word' id='word_1_56' title='bbox 166 695 365 737; x_wconf 82' lang='lat' dir='ltr'>consulem,</span> <span class='ocrx_word' id='word_1_57' title='bbox 386 695 426 731; x_wconf 92' lang='lat' dir='ltr'>in</span> <span class='ocrx_word' id='word_1_58' title='bbox 447 694 617 731; x_wconf 91' lang='lat' dir='ltr'>Lucanis</span> <span class='ocrx_word' id='word_1_59' title='bbox 645 694 776 730; x_wconf 80' lang='lat' dir='ltr'>absens</span> <span class='ocrx_word' id='word_1_60' title='bbox 804 694 843 731; x_wconf 89' lang='lat' dir='ltr'>in</span> <span class='ocrx_word' id='word_1_61' title='bbox 871 694 1023 731; x_wconf 89' lang='lat' dir='ltr'>insidias</span> <span class='ocrx_word' id='word_1_62' title='bbox 1046 695 1244 732; x_wconf 86' lang='lat' dir='ltr'>inductum</span> <span class='ocrx_word' id='word_1_63' title='bbox 1267 695 1429 732; x_wconf 81' lang='lat' dir='ltr'>sustulit.</span> 
     </span>
     <span class='ocr_line' id='line_1_9' title="bbox 166 756 1432 808; baseline 0.002 -14"><span class='ocrx_word' id='word_1_64' title='bbox 166 756 224 794; x_wconf 89' lang='lat' dir='ltr'>M.</span> <span class='ocrx_word' id='word_1_65' title='bbox 244 757 449 794; x_wconf 89' lang='lat' dir='ltr'>Claudium</span> <span class='ocrx_word' id='word_1_66' title='bbox 472 757 712 801; x_wconf 88' lang='lat' dir='ltr'>Marcellum,</span> <span class='ocrx_word' id='word_1_67' title='bbox 738 757 934 806; x_wconf 82' lang='lat' dir='ltr'>quinquies</span> <span class='ocrx_word' id='word_1_68' title='bbox 957 759 1158 802; x_wconf 83' lang='lat' dir='ltr'>consulem,</span> <span class='ocrx_word' id='word_1_69' title='bbox 1185 759 1284 808; x_wconf 88' lang='lat' dir='ltr'>apud</span> <span class='ocrx_word' id='word_1_70' title='bbox 1306 759 1432 796; x_wconf 90' lang='lat' dir='ltr'>Venu-</span> 
     </span>
     <span class='ocr_line' id='line_1_10' title="bbox 165 821 1432 872; baseline 0.001 -14"><span class='ocrx_word' id='word_1_71' title='bbox 165 821 261 858; x_wconf 83' lang='lat' dir='ltr'>siam</span> <span class='ocrx_word' id='word_1_72' title='bbox 279 822 361 870; x_wconf 87' lang='lat' dir='ltr'>pari</span> <span class='ocrx_word' id='word_1_73' title='bbox 380 822 488 858; x_wconf 91' lang='lat' dir='ltr'>modo</span> <span class='ocrx_word' id='word_1_74' title='bbox 507 821 702 858; x_wconf 81' lang='lat' dir='ltr'>interfecit.</span> <span class='ocrx_word' id='word_1_75' title='bbox 759 824 796 857; x_wconf 76' lang='lat'>4.</span> <span class='ocrx_word' id='word_1_76' title='bbox 818 821 997 868; x_wconf 86' lang='lat' dir='ltr'>Longum</span> <span class='ocrx_word' id='word_1_77' title='bbox 1016 827 1081 864; x_wconf 86' lang='lat' dir='ltr'>est,</span> <span class='ocrx_word' id='word_1_78' title='bbox 1104 835 1322 859; x_wconf 81' lang='lat' dir='ltr'>enumerare</span> <span class='ocrx_word' id='word_1_79' title='bbox 1340 836 1432 872; x_wconf 83' lang='lat' dir='ltr'>proe-</span> 
     </span>
     <span class='ocr_line' id='line_1_11' title="bbox 164 884 1431 935; baseline 0.002 -14"><span class='ocrx_word' id='word_1_80' title='bbox 164 885 228 922; x_wconf 92' lang='lat' dir='ltr'>lia.</span> <span class='ocrx_word' id='word_1_81' title='bbox 277 885 403 930; x_wconf 81' lang='lat' dir='ltr'>Quare</span> <span class='ocrx_word' id='word_1_82' title='bbox 423 886 492 921; x_wconf 87' lang='lat' dir='ltr'>hoc</span> <span class='ocrx_word' id='word_1_83' title='bbox 512 898 632 921; x_wconf 88' lang='lat' dir='ltr'>unum</span> <span class='ocrx_word' id='word_1_84' title='bbox 652 885 741 921; x_wconf 89' lang='lat' dir='ltr'>satis</span> <span class='ocrx_word' id='word_1_85' title='bbox 760 884 829 921; x_wconf 84' lang='lat' dir='ltr'>erit</span> <span class='ocrx_word' id='word_1_86' title='bbox 848 885 1003 927; x_wconf 81' lang='lat' dir='ltr'>dietum,</span> <span class='ocrx_word' id='word_1_87' title='bbox 1022 898 1068 921; x_wconf 87' lang='lat' dir='ltr'>ex</span> <span class='ocrx_word' id='word_1_88' title='bbox 1086 899 1157 933; x_wconf 84' lang='lat' dir='ltr'>quo</span> <span class='ocrx_word' id='word_1_89' title='bbox 1176 885 1335 934; x_wconf 76' lang='lat' dir='ltr'>intelligi</span> <span class='ocrx_word' id='word_1_90' title='bbox 1353 899 1431 935; x_wconf 91' lang='lat' dir='ltr'>pos-</span> 
     </span>
     <span class='ocr_line' id='line_1_12' title="bbox 164 948 1432 997; baseline 0 -12"><span class='ocrx_word' id='word_1_91' title='bbox 164 948 223 992; x_wconf 87' lang='lat' dir='ltr'>sit,</span> <span class='ocrx_word' id='word_1_92' title='bbox 245 954 408 997; x_wconf 83' lang='lat' dir='ltr'>quantus</span> <span class='ocrx_word' id='word_1_93' title='bbox 430 949 492 985; x_wconf 88' lang='lat' dir='ltr'>ille</span> <span class='ocrx_word' id='word_1_94' title='bbox 515 948 649 985; x_wconf 85' lang='lat' dir='ltr'>suerit:</span> <span class='ocrx_word' id='word_1_95' title='bbox 680 948 861 996; x_wconf 79' lang='lat' dir='ltr'>quamdiu</span> <span class='ocrx_word' id='word_1_96' title='bbox 889 948 928 984; x_wconf 90' lang='lat' dir='ltr'>in</span> <span class='ocrx_word' id='word_1_97' title='bbox 951 948 1068 984; x_wconf 83' lang='lat' dir='ltr'>Italia</span> <span class='ocrx_word' id='word_1_98' title='bbox 1090 948 1171 991; x_wconf 80' lang='lat' dir='ltr'>fuit,</span> <span class='ocrx_word' id='word_1_99' title='bbox 1197 962 1306 985; x_wconf 88' lang='lat' dir='ltr'>nemo</span> <span class='ocrx_word' id='word_1_100' title='bbox 1335 949 1369 985; x_wconf 88' lang='lat' dir='ltr'>ei</span> <span class='ocrx_word' id='word_1_101' title='bbox 1391 949 1432 985; x_wconf 92' lang='lat' dir='ltr'>in</span> 
     </span>
     <span class='ocr_line' id='line_1_13' title="bbox 165 1010 1431 1060; baseline 0 -12"><span class='ocrx_word' id='word_1_102' title='bbox 165 1012 243 1048; x_wconf 87' lang='lat' dir='ltr'>acie</span> <span class='ocrx_word' id='word_1_103' title='bbox 262 1012 409 1054; x_wconf 84' lang='lat' dir='ltr'>restitit,</span> <span class='ocrx_word' id='word_1_104' title='bbox 426 1024 535 1047; x_wconf 88' lang='lat' dir='ltr'>nemo</span> <span class='ocrx_word' id='word_1_105' title='bbox 556 1010 733 1047; x_wconf 84' lang='lat' dir='ltr'>adversus</span> <span class='ocrx_word' id='word_1_106' title='bbox 753 1024 841 1047; x_wconf 91' lang='lat' dir='ltr'>eum</span> <span class='ocrx_word' id='word_1_107' title='bbox 856 1016 938 1059; x_wconf 92' lang='lat' dir='ltr'>post</span> <span class='ocrx_word' id='word_1_108' title='bbox 955 1011 1194 1048; x_wconf 79' lang='lat' dir='ltr'>Cannensem</span> <span class='ocrx_word' id='word_1_109' title='bbox 1209 1024 1377 1060; x_wconf 86' lang='lat' dir='ltr'>pugnam</span> <span class='ocrx_word' id='word_1_110' title='bbox 1392 1012 1431 1049; x_wconf 89' lang='lat' dir='ltr'>in</span> 
     </span>
    </p>
   </div>
   <div class='ocr_carea' id='block_1_3' title="bbox 162 1074 1255 1124">
    <p class='ocr_par' dir='ltr' id='par_1_3' title="bbox 162 1074 1255 1124">
     <span class='ocr_line' id='line_1_14' title="bbox 162 1074 1255 1124; baseline -0.003 -12"><span class='ocrx_word' id='word_1_111' title='bbox 162 1088 295 1124; x_wconf 86' lang='lat' dir='ltr'>campo</span> <span class='ocrx_word' id='word_1_112' title='bbox 314 1080 437 1112; x_wconf 82' lang='lat' dir='ltr'>castra</span> <span class='ocrx_word' id='word_1_113' title='bbox 454 1074 588 1124; x_wconf 85' lang='lat' dir='ltr'>posuit.</span> <span class='ocrx_word' id='word_1_114' title='bbox 1250 1098 1255 1121; x_wconf 81' lang='lat'>,</span> 
     </span>
    </p>
   </div>
   <div class='ocr_carea' id='block_1_4' title="bbox 718 1184 875 1192">
    <p class='ocr_par' dir='ltr' id='par_1_4' title="bbox 718 1184 875 1192">
     <span class='ocr_line' id='line_1_15' title="bbox 718 1184 875 1192; baseline 0 0"><span class='ocrx_word' id='word_1_115' title='bbox 718 1184 875 1192; x_wconf 95' lang='lat' dir='ltr'> </span> 
     </span>
    </p>
   </div>
   <div class='ocr_carea' id='block_1_5' title="bbox 624 1259 967 1297">
    <p class='ocr_par' dir='ltr' id='par_1_5' title="bbox 624 1259 967 1297">
     <span class='ocr_line' id='line_1_16' title="bbox 624 1259 967 1297; baseline 0.003 -1"><span class='ocrx_word' id='word_1_116' title='bbox 624 1259 852 1296; x_wconf 87' lang='lat' dir='ltr'><strong>CAPUT</strong></span> <span class='ocrx_word' id='word_1_117' title='bbox 886 1259 967 1297; x_wconf 85' lang='lat' dir='ltr'>VI.</span> 
     </span>
    </p>
   </div>
   <div class='ocr_carea' id='block_1_6' title="bbox 164 1334 1431 2201">
    <p class='ocr_par' dir='ltr' id='par_1_6' title="bbox 164 1334 1431 2201">
     <span class='ocr_line' id='line_1_17' title="bbox 215 1334 1429 1385; baseline 0.001 -13"><span class='ocrx_word' id='word_1_118' title='bbox 215 1339 248 1373; x_wconf 92' lang='lat'>1.</span> <span class='ocrx_word' id='word_1_119' title='bbox 265 1335 370 1373; x_wconf 75' lang='lat' dir='ltr'>HINC</span> <span class='ocrx_word' id='word_1_120' title='bbox 387 1335 550 1372; x_wconf 89' lang='lat' dir='ltr'>invictus</span> <span class='ocrx_word' id='word_1_121' title='bbox 564 1335 730 1385; x_wconf 80' lang='lat' dir='ltr'>patriam</span> <span class='ocrx_word' id='word_1_122' title='bbox 745 1334 937 1372; x_wconf 88' lang='lat' dir='ltr'>defensum</span> <span class='ocrx_word' id='word_1_123' title='bbox 952 1342 1146 1372; x_wconf 82' lang='lat' dir='ltr'>revocatus</span> <span class='ocrx_word' id='word_1_124' title='bbox 1160 1336 1302 1373; x_wconf 86' lang='lat' dir='ltr'>bellum</span> <span class='ocrx_word' id='word_1_125' title='bbox 1318 1337 1429 1384; x_wconf 83' lang='lat' dir='ltr'>gessit</span> 
     </span>
     <span class='ocr_line' id='line_1_18' title="bbox 165 1398 1430 1449; baseline 0.001 -13"><span class='ocrx_word' id='word_1_126' title='bbox 165 1398 342 1437; x_wconf 86' lang='lat' dir='ltr'>adversus</span> <span class='ocrx_word' id='word_1_127' title='bbox 362 1400 405 1436; x_wconf 83' lang='lat' dir='ltr'>P.</span> <span class='ocrx_word' id='word_1_128' title='bbox 426 1398 647 1448; x_wconf 84' lang='lat' dir='ltr'>Scipionem,</span> <span class='ocrx_word' id='word_1_129' title='bbox 664 1398 788 1435; x_wconf 89' lang='lat' dir='ltr'>filium</span> <span class='ocrx_word' id='word_1_130' title='bbox 807 1399 895 1446; x_wconf 86' lang='lat' dir='ltr'>ejus,</span> <span class='ocrx_word' id='word_1_131' title='bbox 917 1412 1029 1448; x_wconf 87' lang='lat' dir='ltr'>quem</span> <span class='ocrx_word' id='word_1_132' title='bbox 1048 1399 1124 1448; x_wconf 90' lang='lat' dir='ltr'>ipsc</span> <span class='ocrx_word' id='word_1_133' title='bbox 1143 1399 1307 1448; x_wconf 86' lang='lat' dir='ltr'>primum</span> <span class='ocrx_word' id='word_1_134' title='bbox 1328 1398 1430 1449; x_wconf 81' lang='lat' dir='ltr'>apud</span> 
     </span>
     <span class='ocr_line' id='line_1_19' title="bbox 164 1462 1429 1512; baseline -0.001 -11"><span class='ocrx_word' id='word_1_135' title='bbox 164 1464 409 1507; x_wconf 82' lang='lat' dir='ltr'>Rhodanum,</span> <span class='ocrx_word' id='word_1_136' title='bbox 433 1464 573 1500; x_wconf 87' lang='lat' dir='ltr'>iterum</span> <span class='ocrx_word' id='word_1_137' title='bbox 595 1463 696 1512; x_wconf 84' lang='lat' dir='ltr'>apud</span> <span class='ocrx_word' id='word_1_138' title='bbox 718 1463 879 1506; x_wconf 81' lang='lat' dir='ltr'>Padum,</span> <span class='ocrx_word' id='word_1_139' title='bbox 903 1463 1013 1499; x_wconf 87' lang='lat' dir='ltr'>tertio</span> <span class='ocrx_word' id='word_1_140' title='bbox 1043 1463 1143 1512; x_wconf 83' lang='lat' dir='ltr'>apud</span> <span class='ocrx_word' id='word_1_141' title='bbox 1166 1462 1347 1500; x_wconf 84' lang='lat' dir='ltr'>Trebiam</span> <span class='ocrx_word' id='word_1_142' title='bbox 1374 1463 1429 1500; x_wconf 83' lang='lat' dir='ltr'>fu-</span> 
     </span>
     <span class='ocr_line' id='line_1_20' title="bbox 164 1527 1427 1576; baseline 0 -12"><span class='ocrx_word' id='word_1_143' title='bbox 164 1534 331 1576; x_wconf 82' lang='lat' dir='ltr'>gaverat.</span> <span class='ocrx_word' id='word_1_144' title='bbox 389 1529 425 1564; x_wconf 77' lang='lat'>2.</span> <span class='ocrx_word' id='word_1_145' title='bbox 451 1527 553 1564; x_wconf 86' lang='lat' dir='ltr'>Cum</span> <span class='ocrx_word' id='word_1_146' title='bbox 580 1527 660 1570; x_wconf 90' lang='lat' dir='ltr'>hoc,</span> <span class='ocrx_word' id='word_1_147' title='bbox 685 1527 877 1563; x_wconf 81' lang='lat' dir='ltr'>exhaustis</span> <span class='ocrx_word' id='word_1_148' title='bbox 899 1527 983 1575; x_wconf 85' lang='lat' dir='ltr'>jam</span> <span class='ocrx_word' id='word_1_149' title='bbox 1011 1527 1143 1576; x_wconf 62' lang='lat' dir='ltr'>patriae</span> <span class='ocrx_word' id='word_1_150' title='bbox 1170 1527 1427 1572; x_wconf 84' lang='lat' dir='ltr'>facultatibus,</span> 
     </span>
     <span class='ocr_line' id='line_1_21' title="bbox 166 1589 1430 1640; baseline 0 -13"><span class='ocrx_word' id='word_1_151' title='bbox 166 1591 308 1640; x_wconf 81' lang='lat' dir='ltr'>cupivit</span> <span class='ocrx_word' id='word_1_152' title='bbox 335 1591 375 1627; x_wconf 88' lang='lat' dir='ltr'>in</span> <span class='ocrx_word' id='word_1_153' title='bbox 401 1590 684 1640; x_wconf 73' lang='lat' dir='ltr'>praesentiarum</span> <span class='ocrx_word' id='word_1_154' title='bbox 714 1589 858 1626; x_wconf 87' lang='lat' dir='ltr'>bellum</span> <span class='ocrx_word' id='word_1_155' title='bbox 888 1603 1116 1639; x_wconf 87' lang='lat' dir='ltr'>componere,</span> <span class='ocrx_word' id='word_1_156' title='bbox 1146 1604 1217 1640; x_wconf 90' lang='lat' dir='ltr'>quo</span> <span class='ocrx_word' id='word_1_157' title='bbox 1245 1591 1430 1628; x_wconf 86' lang='lat' dir='ltr'>valentior</span> 
     </span>
     <span class='ocr_line' id='line_1_22' title="bbox 167 1653 1429 1704; baseline -0.001 -13"><span class='ocrx_word' id='word_1_158' title='bbox 167 1660 292 1704; x_wconf 86' lang='lat' dir='ltr'>postea</span> <span class='ocrx_word' id='word_1_159' title='bbox 313 1654 607 1702; x_wconf 84' lang='lat' dir='ltr'>congrederetur.</span> <span class='ocrx_word' id='word_1_160' title='bbox 664 1653 713 1689; x_wconf 93' lang='lat' dir='ltr'>In</span> <span class='ocrx_word' id='word_1_161' title='bbox 740 1653 966 1701; x_wconf 86' lang='lat' dir='ltr'>colloquium</span> <span class='ocrx_word' id='word_1_162' title='bbox 994 1654 1178 1697; x_wconf 88' lang='lat' dir='ltr'>convenit,</span> <span class='ocrx_word' id='word_1_163' title='bbox 1203 1654 1429 1690; x_wconf 87' lang='lat' dir='ltr'>conditiones</span> 
     </span>
     <span class='ocr_line' id='line_1_23' title="bbox 167 1715 1428 1765; baseline -0.002 -10"><span class='ocrx_word' id='word_1_164' title='bbox 167 1732 239 1755; x_wconf 86' lang='lat' dir='ltr'>non</span> <span class='ocrx_word' id='word_1_165' title='bbox 266 1723 532 1754; x_wconf 87' lang='lat' dir='ltr'>convenerunt.</span> <span class='ocrx_word' id='word_1_166' title='bbox 590 1718 625 1752; x_wconf 83' lang='lat'>3.</span> <span class='ocrx_word' id='word_1_167' title='bbox 656 1716 746 1753; x_wconf 85' lang='lat' dir='ltr'>P-ost</span> <span class='ocrx_word' id='word_1_168' title='bbox 774 1716 813 1752; x_wconf 87' lang='lat' dir='ltr'>id</span> <span class='ocrx_word' id='word_1_169' title='bbox 840 1715 985 1752; x_wconf 85' lang='lat' dir='ltr'>sactum</span> <span class='ocrx_word' id='word_1_170' title='bbox 1013 1716 1142 1765; x_wconf 85' lang='lat' dir='ltr'>paucis</span> <span class='ocrx_word' id='word_1_171' title='bbox 1170 1715 1299 1753; x_wconf 84' lang='lat' dir='ltr'>diebus</span> <span class='ocrx_word' id='word_1_172' title='bbox 1328 1717 1428 1765; x_wconf 88' lang='lat' dir='ltr'>apud</span> 
     </span>
     <span class='ocr_line' id='line_1_24' title="bbox 167 1778 1429 1829; baseline -0.002 -10"><span class='ocrx_word' id='word_1_173' title='bbox 167 1782 327 1819; x_wconf 89' lang='lat' dir='ltr'>Zamam</span> <span class='ocrx_word' id='word_1_174' title='bbox 342 1794 429 1818; x_wconf 86' lang='lat' dir='ltr'>curn</span> <span class='ocrx_word' id='word_1_175' title='bbox 444 1781 573 1817; x_wconf 83' lang='lat' dir='ltr'>eodem</span> <span class='ocrx_word' id='word_1_176' title='bbox 588 1779 774 1816; x_wconf 79' lang='lat' dir='ltr'>conflixit:</span> <span class='ocrx_word' id='word_1_177' title='bbox 795 1780 924 1828; x_wconf 88' lang='lat' dir='ltr'>pulsus</span> <span class='ocrx_word' id='word_1_178' title='bbox 939 1778 1169 1829; x_wconf 85' lang='lat' dir='ltr'>(incredibile</span> <span class='ocrx_word' id='word_1_179' title='bbox 1185 1778 1429 1829; x_wconf 87' lang='lat' dir='ltr'>dictu.)biduo</span> 
     </span>
     <span class='ocr_line' id='line_1_25' title="bbox 168 1842 1430 1893; baseline -0.002 -10"><span class='ocrx_word' id='word_1_180' title='bbox 168 1852 202 1883; x_wconf 73' lang='lat' dir='ltr'>ct</span> <span class='ocrx_word' id='word_1_181' title='bbox 234 1845 380 1882; x_wconf 84' lang='lat' dir='ltr'>duabus</span> <span class='ocrx_word' id='word_1_182' title='bbox 411 1844 583 1882; x_wconf 87' lang='lat' dir='ltr'>noctibus</span> <span class='ocrx_word' id='word_1_183' title='bbox 615 1843 899 1880; x_wconf 83' lang='lat' dir='ltr'>Hadrumetum</span> <span class='ocrx_word' id='word_1_184' title='bbox 931 1843 1111 1893; x_wconf 83' lang='lat' dir='ltr'>pervenit,</span> <span class='ocrx_word' id='word_1_185' title='bbox 1141 1842 1238 1892; x_wconf 85' lang='lat' dir='ltr'>quod</span> <span class='ocrx_word' id='word_1_186' title='bbox 1268 1844 1373 1881; x_wconf 86' lang='lat' dir='ltr'>abest</span> <span class='ocrx_word' id='word_1_187' title='bbox 1407 1858 1430 1881; x_wconf 82' lang='lat' dir='ltr'>a</span> 
     </span>
     <span class='ocr_line' id='line_1_26' title="bbox 167 1907 1430 1957; baseline -0.001 -11"><span class='ocrx_word' id='word_1_188' title='bbox 167 1910 287 1946; x_wconf 84' lang='lat' dir='ltr'>Zama</span> <span class='ocrx_word' id='word_1_189' title='bbox 304 1908 450 1946; x_wconf 84' lang='lat' dir='ltr'>circiter</span> <span class='ocrx_word' id='word_1_190' title='bbox 467 1907 588 1944; x_wconf 87' lang='lat' dir='ltr'>millia</span> <span class='ocrx_word' id='word_1_191' title='bbox 606 1920 785 1957; x_wconf 87' lang='lat' dir='ltr'>passuum</span> <span class='ocrx_word' id='word_1_192' title='bbox 804 1913 982 1943; x_wconf 86' lang='lat' dir='ltr'>trecenta.</span> <span class='ocrx_word' id='word_1_193' title='bbox 1030 1909 1066 1943; x_wconf 87' lang='lat'>4.</span> <span class='ocrx_word' id='word_1_194' title='bbox 1089 1907 1138 1943; x_wconf 89' lang='lat' dir='ltr'>In</span> <span class='ocrx_word' id='word_1_195' title='bbox 1156 1908 1228 1944; x_wconf 88' lang='lat' dir='ltr'>hac</span> <span class='ocrx_word' id='word_1_196' title='bbox 1244 1907 1334 1956; x_wconf 83' lang='lat' dir='ltr'>fuga</span> <span class='ocrx_word' id='word_1_197' title='bbox 1348 1907 1430 1945; x_wconf 91' lang='lat' dir='ltr'>Nu·</span> 
     </span>
     <span class='ocr_line' id='line_1_27' title="bbox 167 1970 1430 2022; baseline -0.002 -12"><span class='ocrx_word' id='word_1_198' title='bbox 167 1971 285 2016; x_wconf 84' lang='lat' dir='ltr'>midae,</span> <span class='ocrx_word' id='word_1_199' title='bbox 306 1972 369 2022; x_wconf 90' lang='lat' dir='ltr'>qui</span> <span class='ocrx_word' id='word_1_200' title='bbox 398 1971 511 2009; x_wconf 87' lang='lat' dir='ltr'>simul</span> <span class='ocrx_word' id='word_1_201' title='bbox 538 1984 626 2008; x_wconf 87' lang='lat' dir='ltr'>cum</span> <span class='ocrx_word' id='word_1_202' title='bbox 648 1984 689 2007; x_wconf 91' lang='lat' dir='ltr'>eo</span> <span class='ocrx_word' id='word_1_203' title='bbox 713 1984 759 2007; x_wconf 86' lang='lat' dir='ltr'>ex</span> <span class='ocrx_word' id='word_1_204' title='bbox 782 1970 862 2007; x_wconf 83' lang='lat' dir='ltr'>acie</span> <span class='ocrx_word' id='word_1_205' title='bbox 885 1976 1128 2015; x_wconf 80' lang='lat' dir='ltr'>excesserant,</span> <span class='ocrx_word' id='word_1_206' title='bbox 1153 1970 1319 2008; x_wconf 83' lang='lat' dir='ltr'>insidiati</span> <span class='ocrx_word' id='word_1_207' title='bbox 1342 1977 1430 2008; x_wconf 90' lang='lat' dir='ltr'>sunt</span> 
     </span>
     <span class='ocr_line' id='line_1_28' title="bbox 164 2033 1431 2086; baseline -0.002 -12"><span class='ocrx_word' id='word_1_208' title='bbox 164 2036 221 2081; x_wconf 85' lang='lat' dir='ltr'>ei3</span> <span class='ocrx_word' id='word_1_209' title='bbox 245 2049 335 2086; x_wconf 86' lang='lat' dir='ltr'>quos</span> <span class='ocrx_word' id='word_1_210' title='bbox 357 2049 433 2073; x_wconf 90' lang='lat' dir='ltr'>non</span> <span class='ocrx_word' id='word_1_211' title='bbox 455 2035 576 2073; x_wconf 89' lang='lat' dir='ltr'>solum</span> <span class='ocrx_word' id='word_1_212' title='bbox 598 2034 741 2083; x_wconf 80' lang='lat' dir='ltr'>effugit,</span> <span class='ocrx_word' id='word_1_213' title='bbox 763 2033 826 2072; x_wconf 86' lang='lat' dir='ltr'>sed</span> <span class='ocrx_word' id='word_1_214' title='bbox 849 2034 967 2071; x_wconf 88' lang='lat' dir='ltr'>etiam</span> <span class='ocrx_word' id='word_1_215' title='bbox 986 2034 1082 2084; x_wconf 87' lang='lat' dir='ltr'>ipsos</span> <span class='ocrx_word' id='word_1_216' title='bbox 1104 2035 1294 2084; x_wconf 87' lang='lat' dir='ltr'>oppressit.</span> <span class='ocrx_word' id='word_1_217' title='bbox 1350 2034 1431 2072; x_wconf 82' lang='lat' dir='ltr'>Ha-</span> 
     </span>
     <span class='ocr_line' id='line_1_29' title="bbox 164 2098 1430 2149; baseline 0 -12"><span class='ocrx_word' id='word_1_218' title='bbox 164 2098 327 2137; x_wconf 77' lang='lat' dir='ltr'>‹lrumeti</span> <span class='ocrx_word' id='word_1_219' title='bbox 354 2098 512 2148; x_wconf 86' lang='lat' dir='ltr'>reliquos</span> <span class='ocrx_word' id='word_1_220' title='bbox 539 2111 586 2135; x_wconf 87' lang='lat' dir='ltr'>ex</span> <span class='ocrx_word' id='word_1_221' title='bbox 613 2098 704 2146; x_wconf 84' lang='lat' dir='ltr'>fuga</span> <span class='ocrx_word' id='word_1_222' title='bbox 731 2098 902 2146; x_wconf 84' lang='lat' dir='ltr'>collegit;</span> <span class='ocrx_word' id='word_1_223' title='bbox 936 2098 1042 2136; x_wconf 87' lang='lat' dir='ltr'>novis</span> <span class='ocrx_word' id='word_1_224' title='bbox 1070 2099 1274 2136; x_wconf 87' lang='lat' dir='ltr'>delectibus</span> <span class='ocrx_word' id='word_1_225' title='bbox 1300 2098 1430 2149; x_wconf 81' lang='lat' dir='ltr'>paucis</span> 
     </span>
     <span class='ocr_line' id='line_1_30' title="bbox 165 2161 666 2201; baseline -0.002 -1"><span class='ocrx_word' id='word_1_226' title='bbox 165 2163 294 2201; x_wconf 82' lang='lat' dir='ltr'>diebus</span> <span class='ocrx_word' id='word_1_227' title='bbox 311 2163 450 2200; x_wconf 85' lang='lat' dir='ltr'>multos</span> <span class='ocrx_word' id='word_1_228' title='bbox 470 2161 666 2200; x_wconf 87' lang='lat' dir='ltr'>contraxit.</span> 
     </span>
    </p>
   </div>
  </div>
 </body>
</html>
