1575 2771
455 512 615 569 XIV.
688 509 1153 568 DATAMES.

648 705 890 743 CAPUT
930 705 962 742 I.

224 785 256 818 1.
288 781 416 819 VENro
439 794 540 818 nunc
564 779 613 817 ad
634 780 880 818 fortissimum
898 780 1023 817 virum
1045 779 1276 829 maximique
1299 778 1439 817 consilii

167 844 339 881 omnium
374 843 634 887 barbarorum,
669 843 834 893 exeeptis
871 842 1015 880 duobus
1053 843 1438 892 Carthaginiensibus,

167 909 389 945 Hamilcare
412 915 450 945 et
473 906 705 945 Hannibale.
765 909 799 943 2.
830 907 890 944 De
913 920 984 956 quo
1007 907 1077 944 hoc
1099 907 1211 956 plura
1228 905 1440 950 referemus,

167 971 265 1021 quod
284 979 322 1009 et
340 972 551 1009 obscuriora
570 978 657 1009 sunt
677 972 757 1019 ejus
775 978 884 1019 gesta
902 971 1089 1020 pleraque,
1111 977 1149 1007 et
1168 984 1224 1014 ea,
1245 983 1326 1019 quae
1345 983 1440 1020 pros-

166 1049 252 1085 pere
280 1035 314 1072 ei
342 1042 540 1078 cesserunt,
570 1048 645 1071 non
672 1034 935 1083 magnitudine
962 1034 1165 1083 copiarum,
1196 1032 1260 1070 sed
1288 1033 1440 1076 consilii,

166 1113 238 1148 quo
257 1106 341 1136 tum
361 1112 488 1136 omnes
508 1099 721 1148 superabat,
739 1096 954 1134 aeciderunt
970 1110 978 1142 ;
1003 1111 1162 1146 quorum
1180 1097 1251 1134 nisi
1266 1097 1362 1134 ratio
1381 1110 1440 1134 ex-

168 1162 308 1212 plicata
322 1162 447 1205 fuerit,
465 1176 522 1199 res
542 1175 720 1211 apparere
738 1175 814 1198 non
827 1168 1015 1211 poterunt.
1065 1163 1100 1198 3.
1122 1161 1319 1204 Datames,
1335 1167 1441 1210 patre

168 1226 392 1270 Camissare‚
421 1226 574 1263 natione
604 1226 713 1269 Care,
742 1232 865 1262 matre
901 1224 1096 1274 Scythissa
1122 1230 1246 1268 natus,
1275 1224 1440 1273 primum

165 1290 334 1327 militum
360 1303 517 1327 numero
539 1289 612 1327 fuit
640 1288 742 1339 apud
764 1290 1019 1326 Artaxerxem
1047 1302 1186 1331 eorum,
1211 1288 1276 1337 qui
1297 1287 1441 1336 regiam

166 1352 385 1390 tuebantur.
443 1354 562 1390 Pater
583 1353 663 1401 ejus
683 1353 926 1397 Camissares,
947 1351 1045 1402 quod
1067 1358 1106 1389 et
1127 1365 1247 1389 manu
1268 1351 1382 1395 sortis,
1403 1358 1442 1389 et

166 1417 262 1455 bello
281 1423 465 1460 strenuus,
483 1423 520 1454 et
536 1417 613 1466 regi
627 1417 759 1453 multis
774 1417 862 1453 locis
876 1415 996 1453 fidelis
1015 1422 1096 1453 erat
1111 1423 1290 1465 repertuS,
1306 1414 1441 1453 habuit

167 1480 400 1530 provinciam
421 1487 570 1529 partem
591 1480 732 1517 Ciliciae
750 1480 866 1528 juxta
887 1478 1179 1529 Cappadociam,
1204 1492 1321 1528 quam
1342 1479 1440 1516 ineo-

165 1545 251 1581 lunt
270 1545 484 1594 Leucosyri.
543 1548 579 1581 4.
610 1545 807 1589 Datames,
828 1545 993 1582 militare
1015 1559 1154 1582 munus
1176 1545 1344 1594 fungens,
1369 1545 1438 1595 pri-

166 1621 285 1652 mum,
306 1608 428 1658 qualis
449 1615 555 1652 esset,
578 1609 754 1658 apparuit
777 1609 817 1645 in
834 1609 941 1652 bello,
963 1606 1060 1657 quod
1081 1621 1147 1645 rex
1169 1607 1347 1645 adversus
1367 1608 1439 1646 Ca-

165 1670 287 1709 dusios
309 1672 433 1721 gessit.
491 1672 670 1721 Namque
693 1672 765 1715 hic,
785 1672 916 1709 multis
935 1671 1102 1709 millibus
1121 1672 1307 1720 regiorum
1329 1671 1439 1710 inter-

165 1735 282 1779 fectis,
298 1735 429 1784 magni
444 1735 516 1773 fuit
531 1736 612 1784 ejus
626 1749 748 1785 opera.
797 1735 881 1781 Quo
897 1735 1042 1773 factum
1057 1741 1124 1780 est,
1140 1742 1195 1779 ut,
1212 1749 1329 1785 quum
1343 1735 1384 1773 in
1397 1749 1438 1774 eo

165 1797 262 1836 bello
281 1798 472 1837 cecidisset
492 1799 733 1843 Carnissares,
753 1806 912 1848 paterna
931 1799 965 1836 ei
984 1798 1195 1837 traderetur
1212 1799 1416 1849 provincia.

627 1979 870 2017 CAPUT
908 1980 975 2017 II.

224 2058 256 2092 1.
288 2055 387 2092 PAm
415 2068 452 2092 sc
475 2054 617 2091 virtute
644 2061 773 2104 postea
795 2054 964 2104 praebuit,
989 2068 1107 2104 quum
1129 2054 1437 2105 Autophradatcs

161 2118 268 2168 jussu
287 2119 383 2167 regis
401 2119 498 2156 bello
517 2125 797 2168 persequeretur
816 2132 886 2162 eos,
903 2118 966 2167 qui
987 2118 1209 2156 defecerant.
1258 2119 1436 2169 Namque

165 2185 279 2233 hujus
306 2197 417 2233 opera
444 2184 578 2226 hostes,
606 2197 722 2232 quum
750 2189 875 2220 castra
896 2183 980 2231 jam
1008 2183 1220 2226 intrassent,
1250 2183 1436 2232 profligati

167 2255 256 2286 sunt
274 2248 532 2296 exercitusque
551 2247 712 2295 reliquus
731 2253 972 2283 conservatus
991 2253 1046 2283 est
1063 2259 1070 2291 ;
1096 2260 1171 2295 qua
1186 2260 1232 2283 ex
1248 2260 1286 2284 re
1305 2248 1435 2296 major-

166 2312 250 2351 ibus
277 2312 386 2349 rebus
413 2324 566 2360 praeesse
595 2310 715 2359 coepit.
775 2312 809 2346 2.
841 2310 938 2347 Erat
961 2323 1003 2347 eo
1026 2316 1192 2360 tempore
1216 2311 1349 2360 Thyus
1376 2309 1425 2360 dy

167 2382 292 2414 nastes
310 2374 590 2424 Paphlagonize,
613 2373 766 2422 antiquo
788 2387 921 2422 genere
945 2380 1058 2411 natus
1081 2387 1104 2410 a
1126 2374 1340 2423 Pylaemene
1362 2373 1437 2417 isso,

167 2453 282 2489 quem
314 2439 503 2476 Homerus
533 2438 667 2474 Troico
700 2436 798 2474 bello
836 2451 859 2474 a
891 2438 1065 2474 Patroclo
1098 2437 1337 2474 interfectum
1370 2436 1434 2473 ait.

170 2504 206 2540 3.
237 2503 276 2540 Is
301 2502 379 2552 rogi
401 2500 500 2539 dicto
524 2499 678 2539 audiens
699 2514 775 2538 non
796 2506 888 2538 erat.
946 2501 1074 2547 Quam
1096 2499 1143 2538 ob
1165 2512 1320 2537 causam
1341 2499 1437 2537 beno
