1575 2771
153 233 181 268 6
574 243 680 269 conN
687 242 770 268 EL11
802 241 990 269 NEPOTIS.
1294 226 1354 281 [4‚
1375 233 1411 269 5.

153 337 252 368 runt.
309 329 404 368 Inde
427 329 475 368 ad
494 330 668 368 Atticam
692 336 926 368 accesserunt
949 343 993 367 ac
1013 342 1098 366 suas
1117 329 1239 378 copias
1257 329 1296 367 in
1315 343 1410 367 cam·

154 408 244 444 pum
270 395 504 431 lWarathona
531 392 776 431 deduxerunt.
834 394 873 430 Is
901 392 1006 430 abest
1035 392 1082 430 ab
1110 391 1242 442 oppido
1269 394 1414 431 circiter

152 457 272 494 millia
285 471 463 506 passuum
491 456 630 494 decem.
689 459 723 493 3.
755 457 838 494 Hoc
867 457 1038 493 tumultu
1061 456 1308 494 Athenienses
1333 463 1413 495 tam

152 520 354 570 propinquo
374 527 529 569 tamque
548 533 684 568 magno
703 520 863 569 permoti
883 520 1068 557 auxilium
1086 533 1283 568 nusquam,
1303 520 1373 558 nisi
1393 534 1415 558 a

153 583 458 627 Lacedaemoniis,
493 584 718 633 petiverrurt,
744 582 1091 633 Phidippidemque,
1116 597 1303 621 cursorem
1336 585 1416 633 ejus

152 648 304 695 generis,
322 647 385 696 qui
406 646 654 695 ὴμεροόρόμοι
674 654 867 691 vocantur,
884 646 1200 684 Lacedoemonem
1218 647 1413 692 miserunt,

152 717 195 747 ut
218 711 422 753 nuntiaret,
444 724 558 759 quam
582 711 692 747 celeri
714 724 806 760 opus
828 718 922 748 esset
943 711 1092 748 auxilio.
1149 714 1185 747 4.
1217 698 1333 748 Domi
1353 725 1416 748 au-

153 780 231 809 tem
259 780 389 810 creant
417 772 546 810 decem
574 780 758 822 praetores,
779 774 843 822 qui
870 774 1051 811 exercitui
1072 781 1280 824 praeessent,
1304 775 1344 811 in
1365 775 1416 812 eis

153 834 382 872 Miltiadem.
433 836 538 872 Inter
557 849 647 884 quos
665 849 808 884 magna
826 836 898 873 fuit
918 838 1117 881 contentio,
1138 844 1271 874 utrum
1288 838 1417 875 moeni-

152 898 222 936 bus
245 912 282 935 se
305 897 553 943 defenderent,
575 913 625 936 an
647 898 800 936 obviam
819 900 918 937 ircnt
935 899 1104 937 hostibus
1127 901 1277 950 acieque
1297 900 1417 938 decer-

153 969 296 999 nerent.
355 965 389 998 5.
421 963 533 999 Unus
566 961 762 999 Miltiades
794 963 961 1000 maxime
994 963 1199 1008 nitebatur,
1223 970 1267 1001 ut
1285 965 1416 1014 ‘primo

153 1039 298 1075 quoque
320 1032 486 1074 tempore
509 1032 633 1062 castra
655 1026 798 1063 fierent.
857 1025 903 1063 Id
925 1027 955 1063 si
977 1027 1122 1064 factum
1145 1034 1249 1071 essct,
1270 1034 1308 1065 et
1331 1028 1417 1065 civi·

153 1088 224 1126 bus
247 1089 418 1126 animum
442 1103 689 1133 accessurum,
715 1103 833 1138 quum
855 1089 1036 1133 viderent,
1057 1089 1102 1127 de
1125 1104 1254 1127 eorum
1276 1091 1418 1129 virtute

153 1167 228 1210 npn
250 1151 446 1201 desperari,
471 1159 509 1189 et
531 1153 653 1189 hostes
676 1151 807 1189 eadem
830 1167 869 1190 re
892 1153 967 1190 fore
990 1152 1178 1197 tardiores,
1199 1154 1229 1190 si
1252 1153 1418 1191 animad-

154 1222 355 1259 verterent,
378 1214 507 1253 auderi
527 1214 705 1253 adversus
724 1229 760 1253 se
780 1223 863 1253 tam
882 1217 1025 1265 exiguis
1045 1216 1157 1266 copiis
1176 1215 1364 1255 dimicare.

622 1400 864 1438 CAPUT
903 1401 950 1438 V.

211 1478 243 1512 1.
273 1475 361 1512 Hoc
390 1475 430 1512 in
457 1481 623 1524 tempore
655 1476 762 1512 nulla
789 1476 923 1513 civitas
951 1475 1247 1514 Atheniensibus
1280 1477 1418 1514 auxilio

154 1538 226 1575 fuit
254 1545 388 1587 praeter
416 1539 653 1575 Plataeenses.
711 1539 773 1575 Ea
794 1539 898 1575 mille
921 1539 1023 1576 misit
1046 1540 1225 1577 militum.
1282 1541 1418 1590 Itaque

153 1602 287 1638 horum
321 1600 487 1638 adventu
518 1600 647 1638 decem
676 1602 798 1638 millia
827 1609 1061 1639 armatorum
1091 1604 1279 1652 completa
1305 1610 1417 1642 sunt:

155 1678 235 1713 quae
255 1678 392 1701 manus
409 1664 573 1702 mirabili
590 1664 778 1712 flagrabat
798 1664 991 1714 pugnandi
1010 1665 1226 1715 cupiditate.
1276 1670 1310 1704 2.
1333 1667 1418 1713 Quo

153 1728 297 1766 facturn
317 1735 382 1772 est,
399 1735 442 1766 ut
461 1729 556 1778 plus,
573 1742 688 1777 quam
707 1729 866 1777 collegae,
884 1728 1080 1766 Miltiades
1099 1730 1273 1768 valuerit.
1321 1731 1418 1779 Ejus

155 1792 380 1829 auctoritate
408 1792 558 1841 impulsi
586 1792 837 1829 Athenienses
865 1793 989 1841 copias
1016 1806 1063 1829 ex
1089 1792 1180 1830 urbe
1208 1792 1418 1831 eduxerunt

153 1857 302 1904 locoque
325 1854 454 1892 idoneo
482 1862 607 1892 castra
628 1856 806 1892 fecerunt.
865 1858 900 1892 3.
931 1854 1077 1892 Deinde
1100 1863 1244 1905 postero
1267 1856 1325 1894 die
1348 1857 1416 1895 sub

153 1920 291 1957 montis
310 1918 506 1963 radicibus,
525 1919 604 1956 acie
619 1933 639 1956 e
654 1919 802 1967 regione
822 1919 1017 1963 instructa,
1034 1933 1134 1956 nova
1152 1926 1243 1964 arte,
1260 1920 1299 1957 vi
1319 1934 1416 1958 sum-

153 1997 218 2020 ma
249 1983 421 2032 proelium
454 1983 731 2020 commiserunt.
788 1983 967 2032 Namque
997 1982 1145 2020 arbores
1170 1984 1302 2021 multis
1328 1985 1416 2022 locis

153 2052 261 2082 erant
283 2052 423 2088 stratae,
445 2046 514 2082 hoc
537 2045 696 2088 consilio,
718 2051 762 2081 ut
785 2051 823 2081 et
846 2045 1033 2081 montium
1055 2051 1270 2093 tegerentur
1289 2046 1415 2083 altitu-

153 2108 248 2152 dine,
274 2116 311 2145 et
341 2108 515 2145 arborum
543 2115 669 2145 tractu
693 2109 883 2157 equitatus
905 2108 1069 2145 hostium
1092 2107 1344 2158 impediretur,
1367 2123 1415 2147 ne

153 2171 396 2210 multitudine
416 2171 692 2209 clauderentur.
741 2175 777 2208 4.
799 2171 922 2215 Datis,
944 2171 1014 2208 etsi
1032 2185 1106 2209 non
1124 2185 1273 2221 aequurn
1291 2173 1415 2210 locum

153 2235 306 2273 videbat
325 2236 409 2279 suia
427 2242 568 2280 tamen,
585 2236 702 2273 fretus
721 2249 876 2273 numero
895 2235 1087 2285 copiarum
1106 2249 1269 2280 suarum,
1291 2237 1415 2274 confli-

153 2314 238 2348 gere
261 2299 436 2349 cupiebat
453 2312 460 2336 z
490 2313 604 2348 eoque
623 2299 754 2347 magis,
775 2298 882 2348 quod,
903 2299 1119 2348 priusquam
1138 2299 1415 2338 Lacedaemonii

153 2362 314 2400 subsidio
342 2363 522 2405 venirent,
553 2362 731 2399 dimicare
763 2363 856 2399 utile
888 2362 1153 2400 arbitrabatur.
1211 2364 1347 2413 Itaque
1376 2365 1414 2402 in

154 2428 273 2464 aciem
292 2425 463 2476 pediturn
483 2433 647 2469 centum,
665 2426 833 2475 equitum
853 2425 982 2463 decem
1000 2426 1120 2463 millia
1135 2425 1309 2476 produxit
1324 2441 1414 2477 proe-

155 2491 319 2539 liumque
342 2490 539 2527 commisit.
598 2492 630 2526 5.
664 2490 711 2527 In
734 2503 804 2538 quo
830 2496 934 2527 tanto
954 2491 1037 2539 plus
1056 2490 1196 2527 virtute
1215 2491 1413 2529 valuerunt
