1575 2771
156 212 210 248 34
583 222 777 249 conNELu
809 221 995 248 neporus.
1294 205 1353 261 [7,
1375 208 1414 244 8.

156 309 391 360 tyrannidem
411 311 697 360 concupisceret.
747 309 894 354 Quibus
911 308 1022 346 rebus
1041 309 1185 346 factum
1204 315 1269 353 est,
1289 315 1334 346 ut
1354 307 1414 346 ab-

153 374 248 410 senti
270 375 536 422 magis‘tratum
564 373 795 421 abrogarent,
820 379 857 409 et
882 373 999 409 alium
1025 372 1065 408 in
1087 373 1166 420 ejus
1188 373 1311 410 locum
1333 373 1414 409 sub-

152 437 362 474 stituerent.
418 441 454 473 4.
486 435 531 473 Id
554 436 615 473 ille
644 443 687 473 ut
715 435 870 479 audivit,
892 434 1046 472 domum
1068 436 1200 472 reverti
1225 436 1354 480 noluit,
1376 442 1414 474 et

151 514 189 538 se
210 501 377 550 Pactyen
396 500 565 543 eontulit,
582 499 705 548 ibique
725 500 798 536 tria
817 500 972 536 castella
986 499 1243 543 communivit,
1260 500 1412 543 Bornos,

157 565 382 614 Byzanthen,
409 564 662 608 Neontichos;
693 577 882 612 manuque
911 564 1066 600 collecta
1094 563 1236 612 primus
1258 563 1413 600 Graeciae

152 627 316 664 civitatis
344 628 381 664 in
406 628 612 664 Thraciam
639 627 790 670 introiit,
813 626 1002 674 gloriosius
1029 627 1259 670 existimans,
1282 625 1415 663 barba·

149 704 276 728 rorum
304 690 430 739 prazda
452 691 680 739 locupletari,
706 704 820 739 quam
844 691 1059 727 Graiorum.
1119 692 1153 727 5.
1185 690 1274 736 Qua
1301 704 1348 727 ex
1374 703 1414 728 re

151 760 319 789 creverat
351 767 467 801 quum
497 753 610 796 fama,
642 759 725 789 turn
756 754 895 802 opibus,
922 767 1176 802 magnamque
1205 753 1413 791 amicitiam

152 815 219 851 sibi
240 830 327 852 cum
346 814 570 864 quibusdam
589 817 736 864 regibus
757 817 930 853 Thracia}
949 823 1157 866 pepererat.

570 999 810 1037 CAPUT
849 1000 997 1037 VIII.

209 1077 240 1110 1.
263 1073 406 1116 NEQUE
426 1080 555 1110 tamen
575 1087 598 1110 a
613 1073 769 1110 caritate
789 1073 921 1122 patriae
936 1074 1058 1122 potuit
1078 1073 1258 1111 recedere.
1306 1075 1411 1112 Nam

151 1150 270 1185 quum
298 1135 399 1186 apud
424 1138 544 1185 [Egos
567 1137 712 1174 flumen
734 1137 929 1180 Philocles,
953 1144 1087 1186 praetor
1110 1138 1411 1182 Atheniensium,

151 1200 307 1236 classem
335 1200 585 1237 constituisset
613 1214 732 1243 suam,
757 1214 876 1249 neque
903 1200 1011 1248 longe
1040 1200 1184 1238 abesset
1206 1200 1412 1251 Lysander,

152 1270 284 1312 praetor
307 1262 690 1307 Lacedaemoniorum,
715 1264 779 1313 qui
800 1263 840 1300 in
868 1277 909 1300 eo
932 1270 1013 1301 erat
1035 1271 1249 1314 occupatus,
1273 1271 1318 1302 ut
1339 1266 1414 1303 bel-

152 1327 230 1363 lum
251 1340 365 1375 quam
384 1326 591 1363 diutissime
611 1325 774 1370 duceret,
792 1325 888 1375 quod
902 1327 989 1376 ipsis
1007 1328 1166 1376 pecunia
1186 1342 1208 1365 a
1227 1342 1312 1377 rege
1332 1342 1414 1378 sup-

153 1389 401 1439 peditabatur,
423 1397 553 1427 contra
571 1390 865 1427 Atheniensibus
887 1391 1079 1427 exhaustis
1097 1399 1230 1440 praeter
1250 1405 1358 1429 arma
1375 1398 1414 1430 et

151 1467 265 1490 naves
290 1454 385 1490 nihil
411 1461 492 1491 erat
519 1466 650 1503 super:
708 1456 741 1489 2.
773 1453 988 1490 Alcibiades
1015 1452 1063 1490 ad
1085 1455 1291 1492 exercitum
1311 1456 1414 1493 venit

151 1517 451 1560 Atheniensium,
473 1517 596 1566 ibique
615 1524 795 1566 praesente
814 1518 926 1565 vulgo
947 1531 1055 1565 agere
1075 1518 1194 1567 coepit,
1212 1518 1242 1555 si
1261 1520 1411 1563 vellent,

150 1593 187 1618 se
209 1587 429 1617 coacturum
452 1579 693 1630 Lysandrum
717 1588 784 1617 aut
807 1579 995 1624 dimicare,
1019 1588 1086 1618 aut
1107 1595 1240 1630 pacem
1262 1589 1410 1632 petere:

150 1642 453 1681 Lacedaemonios
472 1657 513 1680 eo
529 1645 625 1680 nolle
641 1644 837 1692 confligere
853 1645 978 1687 classe,
996 1643 1092 1693 quod
1107 1643 1338 1694 pedestribus
1357 1659 1412 1683 co-

149 1707 217 1756 piis
232 1708 325 1757 plus,
342 1721 458 1756 quam
473 1707 643 1750 navibus,
658 1708 827 1744 valerent
842 1720 850 1752 3
899 1709 934 1744 3.
958 1707 1038 1744 Sibi
1057 1715 1187 1745 autem
1201 1722 1278 1746 esse
1292 1709 1410 1754 facile,

150 1771 328 1814 Seufflen,
350 1784 476 1818 regem
492 1771 699 1813 Thracum,
717 1769 907 1813 deducere,
924 1777 968 1807 ut
987 1784 1046 1808 eos
1066 1778 1167 1809 terra
1185 1771 1386 1821 depelleret
1402 1786 1409 1810 :

148 1848 218 1882 quo
237 1834 336 1871 facto
355 1833 558 1870 necessario
579 1840 646 1870 aut
666 1834 781 1870 classe
800 1833 1045 1877 conflictum,
1068 1841 1134 1871 aut
1153 1835 1295 1872 bellum
1314 1850 1408 1873 com-

147 1898 339 1946 posituros.
387 1899 422 1933 4.
446 1895 493 1933 Id
512 1896 583 1933 etsi
601 1910 687 1933 vere
707 1895 851 1933 dictum
866 1897 1050 1934 Philocles
1071 1897 1408 1942 animadvertebat,

147 1967 276 1997 tamen
298 1960 487 2009 postulata
510 1959 631 1996 facere
653 1959 783 2002 noluit,
805 1958 903 2008 quod
925 1961 1118 2004 sentiebat,
1143 1975 1191 2005 se,
1213 1961 1410 2000 Alcibiade

149 2030 302 2072 recepto,
319 2023 457 2060 nullius
476 2023 658 2059 momenti
679 2021 778 2072 apud
793 2023 999 2060 exercitum
1014 2023 1194 2068 futurum,
1211 2031 1259 2069 et,
1277 2026 1307 2062 si
1321 2024 1407 2074 quid

146 2085 297 2123 secundi
316 2086 508 2129 evenisset,
526 2086 672 2122 nullam
691 2086 730 2123 in
748 2100 793 2123 ea
807 2100 846 2123 re
866 2100 974 2123 suam
992 2093 1141 2136 partem
1156 2087 1230 2125 fore
1245 2101 1253 2133 ;
1279 2095 1407 2126 contra

145 2164 200 2193 ea,
223 2150 252 2187 si
279 2148 367 2198 quid
391 2148 537 2186 adversi
560 2148 761 2193 accidisset,
786 2162 824 2186 se
845 2163 965 2186 unum
988 2150 1067 2198 ejus
1089 2149 1214 2187 delicti
1236 2151 1407 2190 futurum

146 2227 262 2251 reum.
320 2215 354 2249 5.
386 2213 448 2249 Ab
475 2213 545 2249 hoc
573 2211 764 2249 discedens
791 2211 1016 2256 Alcibiades,
1045 2213 1243 2261 quoniam,
1272 2214 1406 2264 inquit,

145 2277 314 2315 victoriae
328 2277 473 2325 patrico
487 2289 691 2325 repugnas,
709 2276 812 2313 illud
829 2289 970 2320 monem
980 2278 1106 2326 juxta
1123 2278 1264 2316 hostem
1281 2287 1408 2319 castra

144 2341 280 2378 habeas
306 2341 497 2377 nautica:
522 2339 744 2389 periculum
765 2345 817 2377 est
835 2341 950 2384 enim,
971 2353 1019 2378 oze
1039 2341 1282 2381 immodestia
1303 2343 1408 2381 mili-

148 2410 231 2441 tum
252 2410 469 2440 nostrorum
491 2403 631 2440 occasio
653 2404 766 2440 detur
786 2403 994 2453 Lysandro
1019 2405 1141 2442 nostri
1162 2406 1408 2454 opprimendi

146 2468 337 2505 exercitus.
395 2470 430 2505 6.
459 2469 594 2518 Neque
613 2481 658 2506 ea
677 2482 734 2506 res
752 2469 860 2506 illum
880 2469 1019 2507 fefellit.
1074 2471 1179 2508 Nam
1199 2471 1402 2521 Lysander,

1300 2543 1312 2555 ⁵
