1575 2771
347 499 583 556 XXIII.
657 499 1103 556 HANNIBAL.

567 697 809 734 CAPUT
848 697 880 734 Ι.

144 774 177 806 1.
194 770 416 814 HANNOEAL,
426 771 659 808 Hamilcaris
671 772 780 815 filius,
793 771 1127 819 Carthaginiensis.
1173 772 1215 809 Si
1227 786 1359 811 verum

86 839 153 877 est,
175 835 272 883 quod
294 847 404 871 nemo
427 833 588 879 dubitat,
612 841 656 872 ut
678 835 838 885 populus
860 835 1060 872 Romanus
1083 849 1209 873 onmes
1231 843 1360 885 gentes

86 897 228 935 virtute
262 898 458 948 superarit,
488 913 562 935 non
594 906 650 936 est
680 899 935 943 infitiandum,
959 898 1218 936 Hannibalem
1251 906 1361 937 tanto

86 961 298 1011 praestitisse
336 968 476 999 ceteros
510 963 753 1012 imperatores
784 961 995 1012 prudentia,
1028 969 1169 1012 quanto
1201 964 1360 1013 populus

87 1025 285 1062 Romanus
313 1025 512 1063 antecedat
535 1026 751 1064 fortitudine
775 1034 931 1064 cunctas
952 1027 1132 1064 nationes.
1191 1030 1226 1064 2.
1252 1028 1358 1065 Nam

84 1089 386 1139 quotiescumque
415 1104 502 1127 cum
525 1104 567 1127 eo
590 1104 804 1139 congressus
831 1097 887 1128 est
909 1091 949 1127 in
972 1091 1098 1135 Italia,
1124 1105 1268 1141 semper
1289 1090 1358 1129 dis-

83 1153 192 1190 cessit
216 1154 389 1202 superior.
447 1153 558 1199 Quod
580 1154 650 1191 nisi
673 1154 773 1191 domi
797 1155 940 1191 civium
963 1168 1115 1191 suorum
1138 1155 1281 1192 invidia
1299 1153 1359 1192 de-

83 1215 255 1254 bilitatus
283 1223 389 1260 essct,
411 1218 606 1255 Romanos
632 1217 822 1255 videretur
849 1232 1023 1268 superare
1050 1219 1224 1268 potuisse.
1283 1219 1358 1256 Sed

81 1281 290 1318 multorum
309 1280 534 1319 obtrectatio
551 1282 688 1319 devicit
702 1282 813 1319 unius
828 1283 1020 1319 virtutem.
1078 1284 1114 1319 3.
1135 1282 1210 1319 Hic
1227 1288 1356 1320 autem

81 1344 187 1381 velut
202 1343 409 1382 hereditate
428 1346 603 1383 relictum
618 1344 745 1382 odium
764 1352 967 1395 paternum
987 1359 1076 1394 erga
1090 1345 1286 1383 Romanos
1305 1346 1357 1383 sic

81 1408 327 1451 conservavit,
348 1415 393 1445 ut
412 1409 514 1458 prius
535 1409 715 1452 animam,
737 1422 852 1458 quam
871 1408 919 1452 id,
941 1408 1171 1460 deposuerit:
1196 1409 1260 1459 qui
1278 1410 1355 1459 qui-

81 1472 178 1515 dem,
195 1486 313 1522 quum
331 1473 457 1522 patria
475 1473 605 1522 pulsus
624 1479 719 1510 essct
738 1480 776 1510 et
795 1473 1005 1510 alienarum
1025 1487 1140 1523 opum
1158 1471 1354 1522 indigeret,

80 1548 291 1586 numquam
311 1535 496 1573 destiterit
517 1537 643 1573 animo
661 1536 802 1573 bellare
822 1550 909 1574 cum
932 1536 1130 1574 Romanis.

545 1719 788 1757 CAPUT
827 1719 890 1756 II.

136 1798 168 1832 1.
193 1795 290 1832 ΝΛΜ
312 1801 356 1832 ut
379 1795 558 1832 omittam
577 1794 811 1843 Philippum,
828 1806 940 1843 quem
959 1792 1091 1830 absens
1109 1794 1256 1832 hostem
1274 1793 1353 1833 red-

79 1857 174 1895 didit
197 1858 407 1895 Romam's:
443 1858 613 1894 omnium
636 1857 694 1894 his
721 1856 950 1906 temporibus
977 1858 1256 1906 potentissimus
1288 1872 1354 1896 rex

79 1921 291 1958 Antiochus
306 1921 389 1958 fuit.
445 1921 562 1958 Hunc
581 1927 691 1958 tanta
710 1919 917 1970 cupiditate
936 1919 1102 1958 incendit
1116 1920 1292 1966 bellandi,
1309 1928 1353 1959 ut

79 1998 194 2034 usque
214 1998 237 2022 a
255 1983 365 2022 rubro
387 1985 484 2021 mari
505 1998 613 2021 arma
635 1991 791 2021 conatus
814 1984 862 2021 sit
882 1984 1016 2021 inferre
1037 1984 1171 2021 Italiae.
1229 1987 1264 2021 2.
1289 1984 1352 2022 Ad

78 2061 191 2099 quem
214 2062 331 2098 quum
353 2048 468 2097 legati
491 2048 679 2085 venissent
698 2048 876 2091 Romani,
901 2047 965 2097 qui
987 2046 1033 2084 de
1055 2048 1134 2096 ejus
1157 2049 1352 2086 voluntate

78 2113 325 2162 explorarent,
343 2113 549 2161 darentque
568 2125 720 2161 operam
740 2111 900 2149 consiliis
919 2109 1166 2156 clandestinis,
1184 2118 1227 2149 ut
1245 2112 1351 2150 Han-

79 2176 244 2213 nibalem
267 2176 306 2212 in
329 2175 574 2225 suspicionem
602 2176 681 2224 regi
704 2174 943 2219 adducerent,
965 2182 1165 2225 tamquam
1194 2175 1241 2214 ab
1264 2177 1353 2226 ipsis

80 2245 296 2289 corruptum
320 2239 406 2283 alia,
428 2246 539 2289 atque
563 2245 686 2283 antea,
708 2239 842 2276 sentire
861 2252 869 2284 3
899 2253 1017 2288 neque
1036 2236 1074 2276 id
1092 2239 1232 2277 frustra
1250 2240 1352 2278 secis-

80 2310 172 2346 sent,
197 2303 305 2352 idque
328 2302 525 2340 Hannibal
544 2303 792 2353 comperisset,
812 2316 921 2352 seque
941 2302 989 2340 ab
1011 2302 1248 2341 interioribus
1270 2317 1345 2342 con-

80 2366 170 2403 siliis
197 2367 383 2416 segregari
405 2365 558 2404 vidisset
576 2379 582 2404 :
640 2369 675 2403 3.
701 2367 887 2416 Tempore
909 2364 998 2404 dato
1027 2365 1119 2404 adiit
1141 2365 1190 2404 ad
1211 2380 1348 2416 regem,

80 2429 187 2473 eique
208 2443 326 2477 quum
347 2431 471 2469 multa
492 2429 538 2468 de
560 2429 634 2469 fide
657 2443 726 2468 sua
747 2436 785 2468 et
807 2428 890 2468 odio
911 2430 952 2468 in
974 2430 1169 2468 Romanos
1191 2443 1350 2468 comme-
