1575 2771
155 155 241 210 12.]
621 185 623 188 Α
646 165 918 192 FRAGMENTA.
1331 156 1405 194 131

577 305 608 344 C
624 307 662 344 A
678 307 710 344 P
725 306 765 343 U
781 306 817 343 Τ
863 306 903 343 Χ
916 306 937 344 Ι
950 306 983 343 Ι.

173 380 443 416 EPISTOLA
465 379 752 415 CORNELIAE
781 379 984 414 MATRIS
1008 377 1394 413 GRACCHORUM.

205 455 238 488 1.
260 452 382 488 D10Es
400 452 601 501 pulchrum
620 464 696 487 esse
715 451 884 487 inimicos
898 449 1038 486 ulcisci.
1083 449 1128 486 Id
1142 462 1261 498 neque
1275 449 1407 497 majus,

148 529 268 565 neque
295 515 487 565 pulchrius
515 514 701 563 cuiquam,
728 520 839 563 atque
868 527 944 550 esse
972 513 1067 549 mihi
1089 513 1260 558 videtur3
1290 513 1354 549 sed
1382 513 1411 549 si

148 580 261 617 liceat
279 579 470 630 republica
489 579 595 615 salva
613 591 658 615 ea
672 578 852 627 persequi.
902 576 976 614 Sed
991 583 1177 626 quatenus
1192 575 1231 614 id
1244 576 1325 613 fieri
1338 590 1412 614 non

147 649 277 693 potest,
297 643 417 680 multo
440 648 604 692 tempore
626 642 829 691 multisque
851 641 1020 691 partibus
1043 642 1187 678 inimici
1205 641 1320 678 nostri
1338 654 1412 678 non

146 707 321 756 peribunt
336 717 344 751 ;
375 712 488 755 atque
509 705 568 742 uti
588 719 690 743 nunc
709 712 807 750 sunt,
829 712 939 743 erunt
957 705 1091 755 potius,
1112 718 1227 755 quarn
1246 717 1304 742 res
1321 703 1411 754 pub·

146 770 221 808 lica
238 770 456 820 profligetur
475 775 588 819 atque
605 775 746 820 pereat.

123 887 142 903 ⁸
502 888 707 926 EADEM
735 888 871 925 ALIO
899 888 1056 925 LOCO.

200 964 236 999 2.
255 961 405 999 VEnssrs
425 961 611 1010 conceptis
626 960 790 1008 dejerare
809 961 941 1004 ausim,
957 967 1208 1010 praeterquam
1224 961 1286 1010 qui
1303 961 1412 999 Tibe-

145 1024 245 1062 rium
268 1024 487 1062 Gracchum
508 1029 702 1067 necarunt,
722 1024 913 1060 neminem
932 1024 1130 1061 inimicum
1157 1031 1310 1062 tantum
1337 1038 1412 1062 mo·

144 1087 259 1125 lestiae
278 1093 503 1137 tantumque
521 1087 666 1131 laboris,
688 1094 873 1136 quantum
891 1094 929 1125 te
948 1089 993 1125 ob
1012 1088 1081 1125 has
1100 1102 1166 1132 res,
1187 1089 1281 1125 mihi
1300 1088 1413 1126 tradi-

145 1151 239 1189 disse
259 1164 266 1189 :
296 1165 409 1201 quem
430 1152 624 1201 oportebat
646 1151 815 1188 omnium
838 1165 975 1196 eorum,
997 1166 1086 1201 quos
1106 1159 1193 1190 ante
1213 1152 1412 1190 habuerim

143 1214 286 1259 liberos,
307 1216 425 1265 partis
452 1228 580 1252 eorum
607 1216 765 1252 tolerare
794 1222 907 1265 atque
936 1230 1075 1261 curare,
1096 1222 1140 1254 ut
1162 1230 1278 1266 quam
1305 1217 1412 1254 mini-

143 1292 252 1316 mum
274 1279 531 1316 sollicitudinis
553 1279 593 1316 in
620 1285 771 1316 senecta
792 1279 981 1324 haberem,
1006 1280 1145 1329 utique,
1170 1294 1413 1330 quaecumque

144 1356 281 1392 ageres,
302 1356 348 1380 ea
365 1343 480 1380 velles
498 1342 664 1380 maxime
683 1343 778 1380 mihi
797 1344 954 1393 placere,
972 1350 1083 1393 atque
1102 1344 1161 1381 uti
1178 1344 1283 1381 nefas
1301 1345 1413 1381 habe-

143 1420 202 1444 res
222 1420 349 1444 rerum
369 1407 558 1455 majorum
582 1407 782 1443 adversum
803 1421 932 1444 meam
959 1407 1185 1445 sententiam
1207 1406 1413 1457 quidquam

143 1469 289 1515 facere;
318 1470 523 1519 praesertim
544 1470 650 1514 mihi,
672 1470 733 1507 eui
751 1484 871 1520 parva
892 1485 980 1520 pars
999 1471 1086 1508 vitae
1109 1477 1285 1521 superest,
1306 1485 1353 1508 ne
1375 1471 1414 1509 id

144 1532 295 1581 quidem
312 1539 395 1570 tam
412 1532 525 1570 breve
544 1534 710 1583 spatium
728 1541 850 1583 potest
868 1534 1054 1583 opitulari,
1072 1535 1162 1583 quin
1180 1540 1218 1571 et
1236 1534 1332 1572 mihi
1352 1535 1413 1571 ad-

145 1595 300 1632 verseris
314 1601 352 1632 et
366 1609 447 1632 rem
460 1596 652 1645 publicam
667 1598 850 1646 profliges.
896 1597 1067 1646 Denique
1082 1611 1162 1646 quae
1177 1611 1297 1647 pausa
1312 1596 1408 1634 erit?

146 1658 337 1709 ecquando
360 1660 502 1697 desinet
523 1660 669 1697 familia
690 1667 817 1697 nostra
838 1660 1030 1697 insanire?
1066 1659 1256 1710 ecquando
1278 1659 1411 1698 modus

145 1723 180 1760 ei
207 1723 259 1760 rei
281 1723 411 1760 haberi
438 1723 603 1773 poterit?
643 1724 832 1772 ecquando
861 1723 1072 1760 desinemus
1099 1729 1138 1761 et
1165 1724 1346 1761 habentes
1374 1729 1412 1761 et

143 1787 348 1836 praebentes
377 1787 554 1824 molestiis
584 1785 787 1824 desistere?
832 1785 1023 1835 ecquando
1052 1785 1297 1836 perpudeseet
1326 1787 1412 1824 mis-

143 1846 262 1885 cenda
281 1854 393 1897 atque
412 1847 666 1897 perturbanda
685 1848 874 1897 republica
890 1848 904 1884 i*
964 1849 1038 1885 Sed
1057 1848 1087 1885 si
1106 1847 1255 1884 omnino
1274 1847 1313 1885 id
1331 1848 1412 1885 fieri

142 1924 218 1949 non
238 1917 370 1961 potest,
391 1910 456 1948 ubi
479 1925 545 1959 ego
568 1917 719 1948 mortua
741 1925 812 1955 ero,
837 1911 953 1961 petito
976 1910 1224 1955 tribimatum,
1245 1918 1410 1961 post‚me

142 1974 264 2019 facito,
285 1975 383 2024 quod
404 1973 560 2018 lababit,
581 1988 698 2024 quum
726 1988 792 2023 ego
820 1988 895 2012 non
923 1974 1094 2012 sentiam.
1151 1974 1232 2012 Ubi
1259 1981 1412 2012 mortua

142 2051 213 2082 ero,
237 2037 454 2088 parentabis
480 2038 576 2075 mihi
597 2044 635 2075 et
658 2038 849 2076 invocabis
871 2038 1001 2076 Deum
1027 2044 1234 2088 parentem.
1292 2039 1341 2076 In
1367 2052 1410 2076 eo

142 2108 309 2151 tempore
337 2115 413 2139 non
441 2103 559 2151 pudet
589 2108 626 2139 te
656 2116 785 2139 eorum
808 2102 935 2139 Deum
961 2115 1088 2152 preces
1117 2108 1299 2152 expetere,
1321 2115 1410 2151 quos

142 2164 247 2201 vivos
267 2170 378 2214 atque
396 2171 605 2214 praesentes,
622 2166 768 2203 relictos
787 2172 898 2215 atque
914 2165 1074 2203 desertos
1092 2165 1297 2204 habueris?
1345 2165 1408 2203 Ne

119 2240 126 2247 ·
143 2227 206 2264 ille
228 2227 327 2264 sinat
345 2228 495 2277 Jupiter
517 2235 555 2266 te
578 2242 622 2265 ea
643 2243 878 2279 perseverare
900 2243 969 2267 nec
995 2229 1065 2267 tibi
1087 2235 1239 2267 tantam
1261 2227 1408 2265 demen-

143 2290 239 2327 tiam
261 2290 386 2327 venire
408 2290 448 2327 in
476 2291 656 2335 animum,
678 2298 725 2335 et,
747 2292 777 2328 si
799 2305 1022 2341 perseveras,
1043 2305 1181 2336 vereor,
1201 2305 1248 2329 ne
1270 2292 1311 2328 in
1332 2304 1407 2328 om-

143 2367 232 2391 nem
253 2353 374 2391 vitam
396 2359 549 2390 tantum
572 2353 707 2391 laboris
735 2355 847 2404 culpa
874 2361 943 2393 tua
969 2355 1135 2406 recipiam,
1158 2355 1216 2393 uti
1238 2355 1278 2392 in
1304 2355 1407 2393 nullo

143 2424 309 2468 ternpore
328 2423 408 2455 tute
428 2416 497 2454 tibi
516 2417 662 2467 placere
680 2417 803 2468 possis.
