1575 2771
135 233 191 269 84
560 245 754 272 conNELn
785 246 971 272 umoris.
1276 229 1336 284 [6,
1356 235 1394 272 7.

133 344 250 380 quum
269 331 552 381 Epaminondas
577 333 755 381 Spartam
774 338 1017 381 oppugnaret,
1035 340 1201 380 essetque
1220 332 1297 369 sine
1315 346 1396 370 mu-

131 394 180 432 ris
203 396 389 445 oppidum,
414 396 531 432 talem
559 409 595 432 se
618 396 883 444 imperatorem
905 394 1076 444 praebuit,
1100 402 1143 432 ut
1166 409 1207 432 eo
1231 402 1395 445 tempore

130 459 301 496 omnibus
330 460 554 508 apparuerit,
578 459 648 496 nisi
671 460 733 495 ille
757 459 895 501 suisset,
923 459 1102 507 Spartam
1125 458 1294 495 suturam
1322 473 1394 496 non

129 521 249 559 fiiisse.
309 525 342 558 2.
375 523 423 559 In
445 536 516 570 quo
539 521 689 571 quidem
711 521 922 559 discrimine
951 522 1120 558 celeritas
1147 522 1226 569 ejus
1253 523 1393 559 consilii

128 585 241 622 saluti
260 585 331 622 fuit
351 585 543 622 universis.
591 586 698 622 Nam
713 599 831 634 quum
850 584 1003 634 quidam
1025 583 1298 629 adolescentuli,
1314 586 1393 622 hos-

126 649 226 685 tium
249 650 414 686 adventu
435 649 631 698 perterriti,
653 648 701 685 ad
721 650 921 686 Thebanos
940 648 1169 696 transfugere
1188 649 1338 692 vellent,
1356 655 1393 686 et

126 711 249 748 locum
277 719 384 749 extra
411 713 543 749 urbem
571 711 715 749 editum
741 713 931 762 cepissent,
957 712 1164 760 Agesilaus,
1189 712 1253 761 qui
1275 713 1392 761 pemi-

125 774 369 811 ciosissirnum
389 775 463 811 fore
482 774 635 818 videret,
657 776 688 812 si
711 775 1016 813 animadversum
1038 782 1143 819 esset,
1163 789 1391 825 quemquam

125 836 173 873 ad
195 838 319 874 hostes
342 838 573 886 transfugere
597 839 732 882 conari,
754 853 842 875 cum
865 840 940 875 suis
963 852 1004 875 eo
1023 839 1127 875 venit
1151 845 1272 887 atque,
1294 845 1337 876 ut
1359 839 1390 876 si

123 901 217 937 bono
245 901 371 937 animo
399 901 578 944 fecissent,
599 903 772 939 laudavit
799 903 996 939 consilium
1023 916 1161 945 eorum,
1183 901 1281 950 quod
1303 916 1391 939 eum

123 962 247 998 locum
270 971 522 1012 occupassent,
548 970 585 1000 et
609 978 646 1000 se
669 963 707 1000 id
730 977 874 1012 quoque
897 964 977 1000 fieri
1000 962 1132 1000 debere
1158 962 1391 1000 animadver-

122 1025 220 1061 tisse.
271 1028 305 1062 3.
331 1027 391 1062 Sic
408 1025 698 1063 adolescentulos
718 1028 896 1064 simulata
910 1027 1127 1063 laudatione
1143 1027 1388 1076 recuperavit,

122 1095 159 1125 et
179 1089 365 1137 adjunctis
388 1089 432 1126 (le
453 1090 527 1126 suis
547 1089 744 1126 comitibus
763 1091 887 1127 locum
906 1097 1035 1126 tutum
1054 1089 1212 1138 reliquit.
1269 1090 1310 1126 N
1313 1103 1390 1127 am-

122 1165 192 1200 que
225 1153 290 1195 ffli,
321 1160 431 1189 aucto
460 1166 616 1189 numero
645 1167 783 1196 eorum,
813 1153 877 1202 qui
905 1159 1073 1202 expertes
1101 1159 1207 1189 erant
1235 1153 1388 1196 consilii,

121 1229 355 1252 commovere
377 1229 415 1252 se
437 1230 511 1253 non
533 1223 621 1253 sunt
641 1217 722 1253 ausi
740 1230 855 1266 eoque
873 1216 1060 1260 libentius,
1082 1215 1180 1266 quod
1198 1217 1315 1253 latere
1334 1229 1390 1253 ar·

119 1277 369 1323 bitrabantur,
389 1293 471 1328 quae
491 1280 711 1328 cogitarant.

554 1461 795 1499 CAPUT
832 1461 948 1499 VII.

173 1537 206 1571 1.
239 1535 332 1572 SINE
355 1533 468 1572 dubio
490 1542 572 1585 post
592 1536 837 1573 Leuctricam
859 1550 1029 1586 pugnam
1047 1536 1325 1574 Lacedaemonii
1346 1551 1385 1576 se

115 1611 326 1647 numquam
353 1599 572 1642 refecerunt,
597 1613 716 1648 neque
744 1601 945 1649 pristinum
970 1600 1171 1649 imperium
1192 1614 1384 1651 recupera-

114 1668 227 1699 runt:
257 1676 376 1711 quum
403 1663 554 1699 interim
582 1664 781 1711 Agesilaus
807 1677 881 1700 non
909 1662 1064 1707 destitit,
1088 1663 1384 1714 quibuscumque

114 1725 223 1763 rebus
241 1732 372 1775 posset,
393 1726 558 1775 patriam
572 1727 719 1774 juvare.
778 1729 812 1763 2.
841 1727 948 1764 Nam
967 1741 1085 1776 quum
1104 1728 1288 1777 praecipue
1307 1728 1383 1766 La-

114 1788 329 1826 cedaemonii
351 1789 559 1838 indigerent
577 1791 747 1839 pecunia,
769 1791 831 1827 ille
850 1790 1032 1834 omnibus,
1054 1791 1118 1839 qui
1141 1804 1164 1827 a
1181 1805 1266 1840 rege
1288 1792 1383 1829 defe-

113 1860 252 1896 cerant,
273 1852 442 1902 praesidio
465 1853 561 1897 fuit3
593 1867 616 1890 a
635 1854 770 1902 quibus
792 1868 933 1902 magna
955 1855 1115 1891 donatus
1136 1856 1296 1903 pecunia
1317 1870 1381 1905 pa-

111 1915 226 1952 triam
249 1915 472 1953 sublevavit.
531 1918 566 1952 3.
596 1917 724 1965 Atque
747 1917 786 1953 in
808 1918 878 1953 hoc
900 1915 994 1953 illud
1016 1917 1200 1966 imprimis
1221 1918 1294 1956 suit
1317 1918 1379 1956 ad-

110 1977 291 2022 mirabile,
312 1992 428 2027 quum
457 1979 627 2016 maxima
653 1993 812 2016 munera
839 1980 872 2016 ei
901 1981 948 2017 ab
976 1980 1124 2029 regibus
1151 1987 1188 2018 et
1211 1979 1379 2030 dynastis

111 2042 400 2091 civitatibusque
429 2043 690 2085 conferrentur,
715 2041 813 2092 quod.
833 2043 925 2080 nihi]
951 2057 1135 2092 umquam
1159 2044 1200 2080 in
1221 2043 1374 2082 domum

109 2118 219 2142 suam
237 2107 407 2149 contulit,
428 2107 522 2143 nihil
541 2107 585 2143 de
605 2107 721 2149 victu,
741 2107 835 2144 nihil
854 2105 899 2143 de
918 2107 1058 2144 vestitu
1077 2107 1275 2145 Laconum
1294 2122 1362 2145 mu

109 2169 219 2206 tavit.
276 2172 312 2206 4.
333 2170 467 2206 'Domo
500 2171 632 2207 eadem
661 2170 734 2207 fuit
764 2176 971 2213 contentus,
1001 2184 1076 2219 qua
1106 2171 1372 2220 Eurysthenes,

108 2233 318 2283 progenitor
334 2234 520 2281 majorum
535 2247 696 2276 suorum,
715 2234 837 2271 fuerat
851 2247 941 2271 usus
957 2247 963 2270 :
994 2247 1109 2282 quam
1125 2235 1187 2283 qui
1202 2235 1372 2278 intrarat,

108 2298 258 2334 nullum
291 2298 439 2346 signum
471 2296 645 2341 libidinis,
677 2298 827 2334 nullum
858 2298 1016 2334 luxuriae
1046 2298 1181 2334 videre.
1202 2304 1371 2347 poterat3

108 2367 239 2398 contra
264 2375 310 2398 ea
335 2361 500 2411 plurima
524 2361 716 2410 patientiae
743 2367 855 2410 atque
882 2360 1127 2399 abstinentiae.
1185 2362 1248 2399 Sic
1273 2362 1373 2399 enim

108 2430 189 2461 erat
211 2425 406 2469 instructa,
427 2430 472 2462 ut
493 2425 601 2462 nulla
622 2424 663 2462 in
684 2438 724 2462 re
746 2424 910 2463 differret
935 2424 1100 2474 cujusvis
1121 2425 1240 2475 inopis
1258 2431 1373 2475 atque

107 2486 257 2536 privati.
