<?xml version="1.0" encoding="UTF-8"?>
<!DOCTYPE html PUBLIC "-//W3C//DTD XHTML 1.0 Transitional//EN"
    "http://www.w3.org/TR/xhtml1/DTD/xhtml1-transitional.dtd">
<html xmlns="http://www.w3.org/1999/xhtml" xml:lang="en" lang="en">
 <head>
  <title>
</title>
<meta http-equiv="Content-Type" content="text/html;charset=utf-8" />
  <meta name='ocr-system' content='tesseract 3.04.00' />
  <meta name='ocr-capabilities' content='ocr_page ocr_carea ocr_par ocr_line ocrx_word'/>
</head>
<body>
  <div class='ocr_page' id='page_1' title='image "./corneliusnepo00nepouoft_0139.png"; bbox 0 0 1575 2771; ppageno 0'>
   <div class='ocr_carea' id='block_1_1' title="bbox 175 191 1434 247">
    <p class='ocr_par' dir='ltr' id='par_1_1' title="bbox 175 191 1434 247">
     <span class='ocr_line' id='line_1_1' title="bbox 175 191 1434 247; baseline 0.001 -15"><span class='ocrx_word' id='word_1_1' title='bbox 175 191 236 247; x_wconf 87' lang='lat'>5.]</span> <span class='ocrx_word' id='word_1_2' title='bbox 668 204 939 232; x_wconf 76' lang='lat' dir='ltr'><strong>FRAGMENTA.</strong></span> <span class='ocrx_word' id='word_1_3' title='bbox 1356 195 1434 234; x_wconf 82' lang='lat'>123</span> 
     </span>
    </p>
   </div>
   <div class='ocr_carea' id='block_1_2' title="bbox 333 410 1307 527">
    <p class='ocr_par' dir='ltr' id='par_1_2' title="bbox 333 410 1307 527">
     <span class='ocr_line' id='line_1_2' title="bbox 641 410 966 448; baseline -0.006 0"><span class='ocrx_word' id='word_1_4' title='bbox 641 411 674 448; x_wconf 93' lang='lat' dir='ltr'>C</span> <span class='ocrx_word' id='word_1_5' title='bbox 690 412 727 448; x_wconf 91' lang='lat' dir='ltr'><strong>A</strong></span> <span class='ocrx_word' id='word_1_6' title='bbox 743 411 775 447; x_wconf 92' lang='lat' dir='ltr'>P</span> <span class='ocrx_word' id='word_1_7' title='bbox 791 411 831 448; x_wconf 92' lang='lat' dir='ltr'><strong>U</strong></span> <span class='ocrx_word' id='word_1_8' title='bbox 847 411 882 447; x_wconf 89' lang='lat' dir='ltr'>T</span> <span class='ocrx_word' id='word_1_9' title='bbox 919 410 966 446; x_wconf 94' lang='lat' dir='ltr'>V.</span> 
     </span>
     <span class='ocr_line' id='line_1_3' title="bbox 333 481 1307 527; baseline 0.001 -2"><span class='ocrx_word' id='word_1_10' title='bbox 333 483 600 526; x_wconf 88' lang='lat' dir='ltr'>EPISTOL.</span> <span class='ocrx_word' id='word_1_11' title='bbox 627 484 709 524; x_wconf 94' lang='lat' dir='ltr'>AD</span> <span class='ocrx_word' id='word_1_12' title='bbox 734 481 1090 524; x_wconf 88' lang='lat' dir='ltr'>CICERONEM</span> <span class='ocrx_word' id='word_1_13' title='bbox 1118 482 1225 523; x_wconf 91' lang='lat' dir='ltr'>LIB.</span> <span class='ocrx_word' id='word_1_14' title='bbox 1249 482 1280 523; x_wconf 92' lang='grc' dir='ltr'>Ι.</span> <span class='ocrx_word' id='word_1_15' title='bbox 1304 524 1307 527; x_wconf 91' lang='grc'><strong>,</strong></span> 
     </span>
    </p>
   </div>
   <div class='ocr_carea' id='block_1_3' title="bbox 167 554 1433 1170">
    <p class='ocr_par' dir='ltr' id='par_1_3' title="bbox 167 554 1431 733">
     <span class='ocr_line' id='line_1_4' title="bbox 226 554 1431 607; baseline -0.002 -12"><span class='ocrx_word' id='word_1_16' title='bbox 226 561 258 594; x_wconf 94' lang='grc'>1.</span> <span class='ocrx_word' id='word_1_17' title='bbox 285 557 409 595; x_wconf 84' lang='lat' dir='ltr'>CORN.</span> <span class='ocrx_word' id='word_1_18' title='bbox 427 558 562 595; x_wconf 80' lang='lat' dir='ltr'><strong>NEPOS</strong></span> <span class='ocrx_word' id='word_1_19' title='bbox 583 557 779 607; x_wconf 86' lang='lat' dir='ltr'>epistolam</span> <span class='ocrx_word' id='word_1_20' title='bbox 798 554 1005 593; x_wconf 68' lang='lat' dir='ltr'>Alexandri</span> <span class='ocrx_word' id='word_1_21' title='bbox 1024 556 1072 592; x_wconf 83' lang='lat' dir='ltr'>ad</span> <span class='ocrx_word' id='word_1_22' title='bbox 1091 555 1332 593; x_wconf 74' lang='lat' dir='ltr'>Aristotelem</span> <span class='ocrx_word' id='word_1_23' title='bbox 1351 556 1431 593; x_wconf 86' lang='lat' dir='ltr'>lati-</span> 
     </span>
     <span class='ocr_line' id='line_1_5' title="bbox 167 618 1429 669; baseline -0.002 -11"><span class='ocrx_word' id='word_1_24' title='bbox 167 633 259 657; x_wconf 86' lang='lat' dir='ltr'>nam</span> <span class='ocrx_word' id='word_1_25' title='bbox 286 620 385 658; x_wconf 87' lang='lat' dir='ltr'>fecit.</span> <span class='ocrx_word' id='word_1_26' title='bbox 451 621 498 657; x_wconf 94' lang='lat' dir='ltr'>V.</span> <span class='ocrx_word' id='word_1_27' title='bbox 517 619 755 664; x_wconf 73' lang='lat' dir='ltr'>Durantz‘us,</span> <span class='ocrx_word' id='word_1_28' title='bbox 777 633 874 656; x_wconf 88' lang='lat' dir='ltr'>varr.</span> <span class='ocrx_word' id='word_1_29' title='bbox 896 620 947 663; x_wconf 87' lang='lat' dir='ltr'>ii.,</span> <span class='ocrx_word' id='word_1_30' title='bbox 969 621 1026 663; x_wconf 87' lang='lat'>15,</span> <span class='ocrx_word' id='word_1_31' title='bbox 1047 633 1082 669; x_wconf 89' lang='lat' dir='ltr'>p.</span> <span class='ocrx_word' id='word_1_32' title='bbox 1101 620 1190 663; x_wconf 79' lang='lat'>249,</span> <span class='ocrx_word' id='word_1_33' title='bbox 1207 618 1260 666; x_wconf 89' lang='lat' dir='ltr'>b.,</span> <span class='ocrx_word' id='word_1_34' title='bbox 1282 625 1371 656; x_wconf 89' lang='lat' dir='ltr'>tom.</span> <span class='ocrx_word' id='word_1_35' title='bbox 1395 621 1429 655; x_wconf 89' lang='lat'>3.</span> 
     </span>
     <span class='ocr_line' id='line_1_6' title="bbox 169 683 536 733; baseline -0.003 -13"><span class='ocrx_word' id='word_1_36' title='bbox 169 683 283 720; x_wconf 89' lang='lat' dir='ltr'>Thes.</span> <span class='ocrx_word' id='word_1_37' title='bbox 306 683 418 721; x_wconf 89' lang='lat' dir='ltr'>Grut.</span> <span class='ocrx_word' id='word_1_38' title='bbox 443 683 536 733; x_wconf 87' lang='lat' dir='ltr'><strong>[F.].</strong></span> 
     </span>
    </p>

    <p class='ocr_par' dir='ltr' id='par_1_4' title="bbox 167 746 1433 1170">
     <span class='ocr_line' id='line_1_7' title="bbox 222 746 1433 796; baseline 0 -14"><span class='ocrx_word' id='word_1_39' title='bbox 222 748 257 782; x_wconf 80' lang='lat'>2.</span> <span class='ocrx_word' id='word_1_40' title='bbox 283 746 454 784; x_wconf 85' lang='lat' dir='ltr'>Tantum</span> <span class='ocrx_word' id='word_1_41' title='bbox 475 747 589 791; x_wconf 89' lang='lat' dir='ltr'>abest,</span> <span class='ocrx_word' id='word_1_42' title='bbox 611 753 654 784; x_wconf 89' lang='lat' dir='ltr'>ut</span> <span class='ocrx_word' id='word_1_43' title='bbox 677 760 743 795; x_wconf 80' lang='lat' dir='ltr'>ego</span> <span class='ocrx_word' id='word_1_44' title='bbox 762 747 986 795; x_wconf 77' lang='lat' dir='ltr'><strong>magistram</strong></span> <span class='ocrx_word' id='word_1_45' title='bbox 1005 759 1081 783; x_wconf 87' lang='lat' dir='ltr'>esse</span> <span class='ocrx_word' id='word_1_46' title='bbox 1099 753 1229 796; x_wconf 84' lang='lat' dir='ltr'>putem</span> <span class='ocrx_word' id='word_1_47' title='bbox 1247 746 1335 783; x_wconf 80' lang='lat' dir='ltr'>vitae</span> <span class='ocrx_word' id='word_1_48' title='bbox 1354 746 1433 795; x_wconf 85' lang='lat' dir='ltr'>phi-</span> 
     </span>
     <span class='ocr_line' id='line_1_8' title="bbox 167 809 1433 860; baseline 0.001 -14"><span class='ocrx_word' id='word_1_49' title='bbox 167 809 386 860; x_wconf 86' lang='lat' dir='ltr'>losophiam,</span> <span class='ocrx_word' id='word_1_50' title='bbox 396 809 591 860; x_wconf 84' lang='lat' dir='ltr'>beataeque</span> <span class='ocrx_word' id='word_1_51' title='bbox 603 811 690 848; x_wconf 66' lang='lat' dir='ltr'>vitae</span> <span class='ocrx_word' id='word_1_52' title='bbox 706 811 972 860; x_wconf 81' lang='lat' dir='ltr'>perfectricem,</span> <span class='ocrx_word' id='word_1_53' title='bbox 986 817 1031 848; x_wconf 87' lang='lat' dir='ltr'>ut</span> <span class='ocrx_word' id='word_1_54' title='bbox 1045 811 1158 847; x_wconf 88' lang='lat' dir='ltr'>nullis</span> <span class='ocrx_word' id='word_1_55' title='bbox 1176 810 1297 859; x_wconf 84' lang='lat' dir='ltr'>magis</span> <span class='ocrx_word' id='word_1_56' title='bbox 1312 810 1433 847; x_wconf 78' lang='lat' dir='ltr'>existi-</span> 
     </span>
     <span class='ocr_line' id='line_1_9' title="bbox 167 873 1433 923; baseline 0.001 -14"><span class='ocrx_word' id='word_1_57' title='bbox 167 885 270 910; x_wconf 89' lang='lat' dir='ltr'>mem</span> <span class='ocrx_word' id='word_1_58' title='bbox 292 887 383 923; x_wconf 89' lang='lat' dir='ltr'>opus</span> <span class='ocrx_word' id='word_1_59' title='bbox 405 887 481 911; x_wconf 86' lang='lat' dir='ltr'>esse</span> <span class='ocrx_word' id='word_1_60' title='bbox 503 874 700 923; x_wconf 82' lang='lat' dir='ltr'>magistros</span> <span class='ocrx_word' id='word_1_61' title='bbox 718 873 880 918; x_wconf 81' lang='lat' dir='ltr'>vivendi,</span> <span class='ocrx_word' id='word_1_62' title='bbox 902 887 1016 923; x_wconf 88' lang='lat' dir='ltr'>quam</span> <span class='ocrx_word' id='word_1_63' title='bbox 1034 874 1227 923; x_wconf 89' lang='lat' dir='ltr'>plerisque,</span> <span class='ocrx_word' id='word_1_64' title='bbox 1249 874 1312 923; x_wconf 87' lang='lat' dir='ltr'>qui</span> <span class='ocrx_word' id='word_1_65' title='bbox 1330 874 1370 910; x_wconf 82' lang='lat' dir='ltr'>in</span> <span class='ocrx_word' id='word_1_66' title='bbox 1389 886 1433 910; x_wconf 81' lang='lat' dir='ltr'>ea</span> 
     </span>
     <span class='ocr_line' id='line_1_10' title="bbox 168 937 1431 987; baseline -0.002 -12"><span class='ocrx_word' id='word_1_67' title='bbox 168 937 394 987; x_wconf 77' lang='lat' dir='ltr'>disputanda</span> <span class='ocrx_word' id='word_1_68' title='bbox 408 946 614 975; x_wconf 76' lang='lat' dir='ltr'>versantur.</span> <span class='ocrx_word' id='word_1_69' title='bbox 670 939 788 974; x_wconf 89' lang='lat' dir='ltr'>Video</span> <span class='ocrx_word' id='word_1_70' title='bbox 808 939 909 974; x_wconf 90' lang='lat' dir='ltr'>enim</span> <span class='ocrx_word' id='word_1_71' title='bbox 928 951 1108 986; x_wconf 85' lang='lat' dir='ltr'>magnam</span> <span class='ocrx_word' id='word_1_72' title='bbox 1127 943 1274 986; x_wconf 87' lang='lat' dir='ltr'>partem</span> <span class='ocrx_word' id='word_1_73' title='bbox 1293 949 1431 979; x_wconf 89' lang='lat' dir='ltr'>eorum,</span> 
     </span>
     <span class='ocr_line' id='line_1_11' title="bbox 168 999 1431 1050; baseline -0.002 -13"><span class='ocrx_word' id='word_1_74' title='bbox 168 1001 232 1049; x_wconf 90' lang='lat' dir='ltr'>qui</span> <span class='ocrx_word' id='word_1_75' title='bbox 246 1001 285 1037; x_wconf 91' lang='lat' dir='ltr'>in</span> <span class='ocrx_word' id='word_1_76' title='bbox 300 1002 426 1037; x_wconf 84' lang='lat' dir='ltr'>schola</span> <span class='ocrx_word' id='word_1_77' title='bbox 441 1002 486 1037; x_wconf 84' lang='lat' dir='ltr'>de</span> <span class='ocrx_word' id='word_1_78' title='bbox 500 1002 638 1050; x_wconf 87' lang='lat' dir='ltr'>pudore</span> <span class='ocrx_word' id='word_1_79' title='bbox 653 1008 690 1037; x_wconf 90' lang='lat' dir='ltr'>et</span> <span class='ocrx_word' id='word_1_80' title='bbox 705 1001 936 1037; x_wconf 82' lang='lat' dir='ltr'>continentia</span> <span class='ocrx_word' id='word_1_81' title='bbox 949 1000 1167 1049; x_wconf 83' lang='lat' dir='ltr'>praeeipiant</span> <span class='ocrx_word' id='word_1_82' title='bbox 1184 999 1431 1048; x_wconf 82' lang='lat' dir='ltr'>argutissime,</span> 
     </span>
     <span class='ocr_line' id='line_1_12' title="bbox 167 1061 1432 1112; baseline -0.001 -12"><span class='ocrx_word' id='word_1_83' title='bbox 167 1063 313 1100; x_wconf 80' lang='lat' dir='ltr'>eosdem</span> <span class='ocrx_word' id='word_1_84' title='bbox 323 1063 363 1100; x_wconf 90' lang='lat' dir='ltr'>in</span> <span class='ocrx_word' id='word_1_85' title='bbox 377 1063 545 1100; x_wconf 88' lang='lat' dir='ltr'>omnium</span> <span class='ocrx_word' id='word_1_86' title='bbox 560 1063 758 1100; x_wconf 83' lang='lat' dir='ltr'>libidinum</span> <span class='ocrx_word' id='word_1_87' title='bbox 774 1061 1042 1112; x_wconf 77' lang='lat' dir='ltr'>cupiditatibus</span> <span class='ocrx_word' id='word_1_88' title='bbox 1052 1063 1190 1099; x_wconf 87' lang='lat' dir='ltr'>vivere.</span> <span class='ocrx_word' id='word_1_89' title='bbox 1236 1062 1432 1106; x_wconf 65' lang='lat' dir='ltr'>Laetam„</span> 
     </span>
     <span class='ocr_line' id='line_1_13' title="bbox 167 1124 642 1170; baseline 0 -8"><span class='ocrx_word' id='word_1_90' title='bbox 167 1125 230 1170; x_wconf 66' lang='lat' dir='ltr'>iii„</span> <span class='ocrx_word' id='word_1_91' title='bbox 247 1124 321 1163; x_wconf 89' lang='lat' dir='ltr'>div.</span> <span class='ocrx_word' id='word_1_92' title='bbox 337 1126 436 1170; x_wconf 71' lang='lat' dir='ltr'>inst,</span> <span class='ocrx_word' id='word_1_93' title='bbox 453 1139 484 1163; x_wconf 90' lang='lat' dir='ltr'>c.</span> <span class='ocrx_word' id='word_1_94' title='bbox 503 1128 561 1170; x_wconf 87' lang='lat'>15,</span> <span class='ocrx_word' id='word_1_95' title='bbox 583 1128 642 1163; x_wconf 91' lang='lat'>10.</span> 
     </span>
    </p>
   </div>
   <div class='ocr_carea' id='block_1_4' title="bbox 170 1221 1433 1336">
    <p class='ocr_par' dir='ltr' id='par_1_5' title="bbox 170 1221 1433 1336">
     <span class='ocr_line' id='line_1_14' title="bbox 528 1221 1070 1253; baseline 0.002 -1"><span class='ocrx_word' id='word_1_96' title='bbox 528 1221 574 1253; x_wconf 91' lang='lat' dir='ltr'>M.</span> <span class='ocrx_word' id='word_1_97' title='bbox 602 1221 719 1253; x_wconf 92' lang='lat' dir='ltr'><strong>TUL.</strong></span> <span class='ocrx_word' id='word_1_98' title='bbox 752 1221 1070 1253; x_wconf 81' lang='lat' dir='ltr'>CICERONIS</span> 
     </span>
     <span class='ocr_line' id='line_1_15' title="bbox 170 1298 1433 1336; baseline 0 0"><span class='ocrx_word' id='word_1_99' title='bbox 170 1299 244 1336; x_wconf 90' lang='lat' dir='ltr'>AD</span> <span class='ocrx_word' id='word_1_100' title='bbox 265 1299 430 1336; x_wconf 85' lang='lat' dir='ltr'>CORN.</span> <span class='ocrx_word' id='word_1_101' title='bbox 452 1299 729 1336; x_wconf 88' lang='lat' dir='ltr'>NEPOTEM</span> <span class='ocrx_word' id='word_1_102' title='bbox 753 1299 1164 1336; x_wconf 79' lang='lat' dir='ltr'>EPISTOLARUM</span> <span class='ocrx_word' id='word_1_103' title='bbox 1183 1299 1360 1336; x_wconf 82' lang='lat' dir='ltr'>LIBER</span> <span class='ocrx_word' id='word_1_104' title='bbox 1376 1298 1433 1336; x_wconf 86' lang='lat' dir='ltr'>II.</span> 
     </span>
    </p>
   </div>
   <div class='ocr_carea' id='block_1_5' title="bbox 167 1374 1435 1552">
    <p class='ocr_par' dir='ltr' id='par_1_6' title="bbox 167 1374 1435 1552">
     <span class='ocr_line' id='line_1_16' title="bbox 221 1374 1435 1425; baseline -0.001 -11"><span class='ocrx_word' id='word_1_105' title='bbox 221 1378 257 1414; x_wconf 89' lang='lat'>3.</span> <span class='ocrx_word' id='word_1_106' title='bbox 282 1377 430 1421; x_wconf 77' lang='lat' dir='ltr'>ITAQUE</span> <span class='ocrx_word' id='word_1_107' title='bbox 452 1376 578 1420; x_wconf 85' lang='lat' dir='ltr'>nostri,</span> <span class='ocrx_word' id='word_1_108' title='bbox 600 1389 718 1425; x_wconf 91' lang='lat' dir='ltr'>quum</span> <span class='ocrx_word' id='word_1_109' title='bbox 745 1376 881 1419; x_wconf 85' lang='lat' dir='ltr'>omnia,</span> <span class='ocrx_word' id='word_1_110' title='bbox 903 1389 983 1425; x_wconf 83' lang='lat' dir='ltr'>quae</span> <span class='ocrx_word' id='word_1_111' title='bbox 1007 1374 1237 1419; x_wconf 78' lang='lat' dir='ltr'>dixissemus,</span> <span class='ocrx_word' id='word_1_112' title='bbox 1259 1376 1361 1413; x_wconf 87' lang='lat' dir='ltr'>dicta</span> <span class='ocrx_word' id='word_1_113' title='bbox 1384 1390 1435 1414; x_wconf 83' lang='lat' dir='ltr'>es-</span> 
     </span>
     <span class='ocr_line' id='line_1_17' title="bbox 168 1439 1434 1490; baseline 0 -12"><span class='ocrx_word' id='word_1_114' title='bbox 168 1446 249 1478; x_wconf 85' lang='lat' dir='ltr'>sent</span> <span class='ocrx_word' id='word_1_115' title='bbox 265 1453 272 1477; x_wconf 90' lang='lat'>:</span> <span class='ocrx_word' id='word_1_116' title='bbox 298 1453 384 1489; x_wconf 82' lang='lat' dir='ltr'>quae</span> <span class='ocrx_word' id='word_1_117' title='bbox 403 1439 524 1477; x_wconf 87' lang='lat' dir='ltr'>facete</span> <span class='ocrx_word' id='word_1_118' title='bbox 543 1446 581 1477; x_wconf 91' lang='lat' dir='ltr'>et</span> <span class='ocrx_word' id='word_1_119' title='bbox 598 1440 761 1476; x_wconf 81' lang='lat' dir='ltr'>breviter</span> <span class='ocrx_word' id='word_1_120' title='bbox 779 1446 816 1476; x_wconf 90' lang='lat' dir='ltr'>et</span> <span class='ocrx_word' id='word_1_121' title='bbox 838 1446 946 1476; x_wconf 86' lang='lat' dir='ltr'>acute</span> <span class='ocrx_word' id='word_1_122' title='bbox 966 1440 1081 1477; x_wconf 86' lang='lat' dir='ltr'>locuti</span> <span class='ocrx_word' id='word_1_123' title='bbox 1100 1453 1272 1484; x_wconf 79' lang='lat' dir='ltr'>essemuS,</span> <span class='ocrx_word' id='word_1_124' title='bbox 1293 1454 1338 1477; x_wconf 89' lang='lat' dir='ltr'>ea</span> <span class='ocrx_word' id='word_1_125' title='bbox 1356 1454 1434 1490; x_wconf 63' lang='lat' dir='ltr'>pro&gt;</span> 
     </span>
     <span class='ocr_line' id='line_1_18' title="bbox 167 1502 1406 1552; baseline 0 -12"><span class='ocrx_word' id='word_1_126' title='bbox 167 1502 246 1552; x_wconf 86' lang='lat' dir='ltr'>prio</span> <span class='ocrx_word' id='word_1_127' title='bbox 264 1502 413 1539; x_wconf 88' lang='lat' dir='ltr'>nomine</span> <span class='ocrx_word' id='word_1_128' title='bbox 432 1502 538 1539; x_wconf 77' lang='lat' dir='ltr'>dicta</span> <span class='ocrx_word' id='word_1_129' title='bbox 556 1503 767 1539; x_wconf 86' lang='lat' dir='ltr'>voluerunt.</span> <span class='ocrx_word' id='word_1_130' title='bbox 824 1502 1007 1546; x_wconf 58' lang='lat' dir='ltr'>DIawob„</span> <span class='ocrx_word' id='word_1_131' title='bbox 1027 1503 1193 1546; x_wconf 62' lang='lat' dir='ltr'>Satura,</span> <span class='ocrx_word' id='word_1_132' title='bbox 1210 1503 1235 1540; x_wconf 92' lang='grc'>1.</span> <span class='ocrx_word' id='word_1_133' title='bbox 1252 1503 1303 1547; x_wconf 86' lang='lat' dir='ltr'>ii.,</span> <span class='ocrx_word' id='word_1_134' title='bbox 1321 1516 1352 1540; x_wconf 87' lang='lat' dir='ltr'>c.</span> <span class='ocrx_word' id='word_1_135' title='bbox 1373 1507 1406 1540; x_wconf 90' lang='lat'>1.</span> 
     </span>
    </p>
   </div>
   <div class='ocr_carea' id='block_1_6' title="bbox 326 1603 1274 1642">
    <p class='ocr_par' dir='ltr' id='par_1_7' title="bbox 326 1603 1274 1642">
     <span class='ocr_line' id='line_1_19' title="bbox 326 1603 1274 1642; baseline 0 -1"><span class='ocrx_word' id='word_1_136' title='bbox 326 1605 403 1641; x_wconf 91' lang='lat' dir='ltr'>AD</span> <span class='ocrx_word' id='word_1_137' title='bbox 426 1603 676 1641; x_wconf 87' lang='lat' dir='ltr'>EUNDEM</span> <span class='ocrx_word' id='word_1_138' title='bbox 702 1604 781 1640; x_wconf 88' lang='lat' dir='ltr'>EX</span> <span class='ocrx_word' id='word_1_139' title='bbox 804 1604 981 1641; x_wconf 84' lang='lat' dir='ltr'>LIBRO</span> <span class='ocrx_word' id='word_1_140' title='bbox 1004 1605 1274 1642; x_wconf 83' lang='lat' dir='ltr'>INCERTO.</span> 
     </span>
    </p>
   </div>
   <div class='ocr_carea' id='block_1_7' title="bbox 136 1685 1437 2497">
    <p class='ocr_par' dir='ltr' id='par_1_8' title="bbox 172 1685 1423 1800">
     <span class='ocr_line' id='line_1_20' title="bbox 222 1685 1423 1735; baseline 0 -10"><span class='ocrx_word' id='word_1_141' title='bbox 222 1691 258 1725; x_wconf 86' lang='lat'>4.</span> <span class='ocrx_word' id='word_1_142' title='bbox 283 1688 371 1724; x_wconf 89' lang='lat' dir='ltr'>Hoc</span> <span class='ocrx_word' id='word_1_143' title='bbox 400 1687 588 1724; x_wconf 80' lang='lat' dir='ltr'>restiterat</span> <span class='ocrx_word' id='word_1_144' title='bbox 615 1686 741 1729; x_wconf 82' lang='lat' dir='ltr'>etiam,</span> <span class='ocrx_word' id='word_1_145' title='bbox 766 1692 810 1723; x_wconf 87' lang='lat' dir='ltr'>ut</span> <span class='ocrx_word' id='word_1_146' title='bbox 833 1699 856 1723; x_wconf 85' lang='lat' dir='ltr'>a</span> <span class='ocrx_word' id='word_1_147' title='bbox 885 1692 920 1723; x_wconf 86' lang='lat' dir='ltr'>te</span> <span class='ocrx_word' id='word_1_148' title='bbox 948 1686 1044 1723; x_wconf 87' lang='lat' dir='ltr'>fictis</span> <span class='ocrx_word' id='word_1_149' title='bbox 1072 1685 1290 1735; x_wconf 84' lang='lat' dir='ltr'>adgrederer</span> <span class='ocrx_word' id='word_1_150' title='bbox 1319 1687 1423 1725; x_wconf 80' lang='lat' dir='ltr'>donis</span> 
     </span>
     <span class='ocr_line' id='line_1_21' title="bbox 172 1750 800 1800; baseline -0.005 -11"><span class='ocrx_word' id='word_1_151' title='bbox 172 1751 310 1794; x_wconf 60' lang='lat' dir='ltr'>Prisc„</span> <span class='ocrx_word' id='word_1_152' title='bbox 331 1764 462 1800; x_wconf 66' lang='lat' dir='ltr'>gram„</span> <span class='ocrx_word' id='word_1_153' title='bbox 482 1751 507 1787; x_wconf 93' lang='lat' dir='ltr'>l.</span> <span class='ocrx_word' id='word_1_154' title='bbox 524 1750 600 1793; x_wconf 67' lang='lat' dir='ltr'>vii„</span> <span class='ocrx_word' id='word_1_155' title='bbox 623 1751 689 1787; x_wconf 90' lang='lat' dir='ltr'>col.</span> <span class='ocrx_word' id='word_1_156' title='bbox 712 1751 800 1786; x_wconf 80' lang='lat'><strong>792.</strong></span> 
     </span>
    </p>

    <p class='ocr_par' dir='ltr' id='par_1_9' title="bbox 169 1813 1432 1921">
     <span class='ocr_line' id='line_1_22' title="bbox 222 1813 1432 1863; baseline 0.001 -12"><span class='ocrx_word' id='word_1_157' title='bbox 222 1814 299 1860; x_wconf 83' lang='lat' dir='ltr'>Qui</span> <span class='ocrx_word' id='word_1_158' title='bbox 321 1815 446 1858; x_wconf 88' lang='lat' dir='ltr'>habet,</span> <span class='ocrx_word' id='word_1_159' title='bbox 469 1815 569 1850; x_wconf 80' lang='lat' dir='ltr'>ultro</span> <span class='ocrx_word' id='word_1_160' title='bbox 598 1814 812 1863; x_wconf 88' lang='lat' dir='ltr'>appetitur;</span> <span class='ocrx_word' id='word_1_161' title='bbox 852 1813 916 1862; x_wconf 89' lang='lat' dir='ltr'>qui</span> <span class='ocrx_word' id='word_1_162' title='bbox 943 1820 998 1850; x_wconf 90' lang='lat' dir='ltr'>est</span> <span class='ocrx_word' id='word_1_163' title='bbox 1026 1827 1177 1863; x_wconf 85' lang='lat' dir='ltr'>pauper,</span> <span class='ocrx_word' id='word_1_164' title='bbox 1204 1821 1432 1863; x_wconf 83' lang='lat' dir='ltr'>aspernatur.</span> 
     </span>
     <span class='ocr_line' id='line_1_23' title="bbox 169 1876 383 1921; baseline 0 -7"><span class='ocrx_word' id='word_1_165' title='bbox 169 1876 239 1921; x_wconf 89' lang='lat' dir='ltr'>Id.‚</span> <span class='ocrx_word' id='word_1_166' title='bbox 260 1876 338 1914; x_wconf 83' lang='lat' dir='ltr'>eod.</span> <span class='ocrx_word' id='word_1_167' title='bbox 358 1877 383 1915; x_wconf 86' lang='lat' dir='ltr'>l.</span> 
     </span>
    </p>

    <p class='ocr_par' dir='ltr' id='par_1_10' title="bbox 169 1939 1434 2116">
     <span class='ocr_line' id='line_1_24' title="bbox 222 1939 1432 1991; baseline 0.002 -14"><span class='ocrx_word' id='word_1_168' title='bbox 222 1943 258 1977; x_wconf 87' lang='grc'>5.</span> <span class='ocrx_word' id='word_1_169' title='bbox 283 1939 414 1986; x_wconf 77' lang='lat' dir='ltr'>Quid?</span> <span class='ocrx_word' id='word_1_170' title='bbox 443 1947 634 1978; x_wconf 88' lang='lat' dir='ltr'>oratorum</span> <span class='ocrx_word' id='word_1_171' title='bbox 649 1953 760 1989; x_wconf 91' lang='lat' dir='ltr'>quem</span> <span class='ocrx_word' id='word_1_172' title='bbox 774 1940 861 1977; x_wconf 88' lang='lat' dir='ltr'>huic</span> <span class='ocrx_word' id='word_1_173' title='bbox 883 1947 1083 1990; x_wconf 86' lang='lat' dir='ltr'>antepones</span> <span class='ocrx_word' id='word_1_174' title='bbox 1102 1954 1239 1985; x_wconf 86' lang='lat' dir='ltr'>eorum,</span> <span class='ocrx_word' id='word_1_175' title='bbox 1257 1941 1322 1991; x_wconf 89' lang='lat' dir='ltr'>qui</span> <span class='ocrx_word' id='word_1_176' title='bbox 1339 1942 1432 1979; x_wconf 86' lang='lat' dir='ltr'>nihil</span> 
     </span>
     <span class='ocr_line' id='line_1_25' title="bbox 169 2002 1434 2055; baseline 0.002 -15"><span class='ocrx_word' id='word_1_177' title='bbox 169 2002 272 2041; x_wconf 75' lang='lat' dir='ltr'>aliud</span> <span class='ocrx_word' id='word_1_178' title='bbox 286 2003 470 2053; x_wconf 78' lang='lat' dir='ltr'>egerunt?</span> <span class='ocrx_word' id='word_1_179' title='bbox 496 2004 577 2053; x_wconf 91' lang='lat' dir='ltr'>quis</span> <span class='ocrx_word' id='word_1_180' title='bbox 596 2004 788 2041; x_wconf 82' lang='lat' dir='ltr'>sententiis</span> <span class='ocrx_word' id='word_1_181' title='bbox 808 2011 874 2041; x_wconf 89' lang='lat' dir='ltr'>aut</span> <span class='ocrx_word' id='word_1_182' title='bbox 894 2004 1038 2041; x_wconf 81' lang='lat' dir='ltr'>acutior</span> <span class='ocrx_word' id='word_1_183' title='bbox 1053 2011 1120 2041; x_wconf 86' lang='lat' dir='ltr'>aut</span> <span class='ocrx_word' id='word_1_184' title='bbox 1141 2005 1328 2042; x_wconf 76' lang='lat' dir='ltr'>crebrior?</span> <span class='ocrx_word' id='word_1_185' title='bbox 1353 2006 1434 2055; x_wconf 90' lang='lat' dir='ltr'>quis</span> 
     </span>
     <span class='ocr_line' id='line_1_26' title="bbox 169 2068 1369 2116; baseline -0.001 -10"><span class='ocrx_word' id='word_1_186' title='bbox 169 2069 291 2106; x_wconf 86' lang='lat' dir='ltr'>verbis</span> <span class='ocrx_word' id='word_1_187' title='bbox 310 2074 377 2106; x_wconf 88' lang='lat' dir='ltr'>aut</span> <span class='ocrx_word' id='word_1_188' title='bbox 395 2068 557 2105; x_wconf 87' lang='lat' dir='ltr'>ornatior</span> <span class='ocrx_word' id='word_1_189' title='bbox 576 2074 643 2105; x_wconf 89' lang='lat' dir='ltr'>aut</span> <span class='ocrx_word' id='word_1_190' title='bbox 662 2068 865 2116; x_wconf 82' lang='lat' dir='ltr'>elegantior</span> <span class='ocrx_word' id='word_1_191' title='bbox 880 2068 894 2105; x_wconf 68' lang='grc' dir='ltr'><strong>Τ</strong></span> <span class='ocrx_word' id='word_1_192' title='bbox 955 2069 1060 2105; x_wconf 78' lang='lat' dir='ltr'>Suet.</span> <span class='ocrx_word' id='word_1_193' title='bbox 1078 2069 1117 2105; x_wconf 89' lang='lat' dir='ltr'>in</span> <span class='ocrx_word' id='word_1_194' title='bbox 1133 2068 1240 2112; x_wconf 62' lang='lat' dir='ltr'>Caes„</span> <span class='ocrx_word' id='word_1_195' title='bbox 1258 2082 1289 2106; x_wconf 88' lang='lat' dir='ltr'>c.</span> <span class='ocrx_word' id='word_1_196' title='bbox 1308 2071 1369 2105; x_wconf 85' lang='lat'>55.</span> 
     </span>
    </p>

    <p class='ocr_par' dir='ltr' id='par_1_11' title="bbox 136 2130 1437 2497">
     <span class='ocr_line' id='line_1_27' title="bbox 223 2130 1433 2181; baseline 0.001 -13"><span class='ocrx_word' id='word_1_197' title='bbox 223 2133 258 2168; x_wconf 82' lang='lat'>6.</span> <span class='ocrx_word' id='word_1_198' title='bbox 283 2131 342 2168; x_wconf 88' lang='lat' dir='ltr'>Ut</span> <span class='ocrx_word' id='word_1_199' title='bbox 364 2132 515 2168; x_wconf 89' lang='lat' dir='ltr'>Tullius</span> <span class='ocrx_word' id='word_1_200' title='bbox 542 2132 659 2175; x_wconf 89' lang='lat' dir='ltr'>docet,</span> <span class='ocrx_word' id='word_1_201' title='bbox 689 2130 920 2168; x_wconf 83' lang='lat' dir='ltr'>crudelitatis</span> <span class='ocrx_word' id='word_1_202' title='bbox 951 2131 1146 2181; x_wconf 85' lang='lat' dir='ltr'>increpans</span> <span class='ocrx_word' id='word_1_203' title='bbox 1175 2132 1363 2169; x_wconf 82' lang='lat' dir='ltr'>Caesarem</span> <span class='ocrx_word' id='word_1_204' title='bbox 1394 2132 1433 2169; x_wconf 84' lang='lat' dir='ltr'>in</span> 
     </span>
     <span class='ocr_line' id='line_1_28' title="bbox 171 2193 1433 2244; baseline 0.001 -14"><span class='ocrx_word' id='word_1_205' title='bbox 171 2194 335 2243; x_wconf 89' lang='lat' dir='ltr'>quadam</span> <span class='ocrx_word' id='word_1_206' title='bbox 351 2193 399 2230; x_wconf 89' lang='lat' dir='ltr'>ad</span> <span class='ocrx_word' id='word_1_207' title='bbox 414 2194 603 2244; x_wconf 88' lang='lat' dir='ltr'>Nepotem</span> <span class='ocrx_word' id='word_1_208' title='bbox 618 2194 784 2243; x_wconf 89' lang='lat' dir='ltr'>epistola.</span> <span class='ocrx_word' id='word_1_209' title='bbox 842 2195 977 2243; x_wconf 88' lang='lat' dir='ltr'>Neque</span> <span class='ocrx_word' id='word_1_210' title='bbox 992 2195 1093 2231; x_wconf 88' lang='lat' dir='ltr'>enim</span> <span class='ocrx_word' id='word_1_211' title='bbox 1109 2195 1314 2243; x_wconf 86' lang='lat' dir='ltr'>quidquam</span> <span class='ocrx_word' id='word_1_212' title='bbox 1331 2193 1433 2231; x_wconf 86' lang='lat' dir='ltr'>aliud</span> 
     </span>
     <span class='ocr_line' id='line_1_29' title="bbox 136 2254 1431 2307; baseline 0.001 -14"><span class='ocrx_word' id='word_1_213' title='bbox 136 2254 142 2261; x_wconf 77' lang='grc'><em>“</em></span> <span class='ocrx_word' id='word_1_214' title='bbox 171 2263 227 2293; x_wconf 88' lang='lat' dir='ltr'>est</span> <span class='ocrx_word' id='word_1_215' title='bbox 245 2256 412 2299; x_wconf 86' lang='lat' dir='ltr'>felicitas,</span> <span class='ocrx_word' id='word_1_216' title='bbox 433 2257 564 2305; x_wconf 89' lang='lat' dir='ltr'>inquit,</span> <span class='ocrx_word' id='word_1_217' title='bbox 585 2257 656 2293; x_wconf 91' lang='lat' dir='ltr'>nisi</span> <span class='ocrx_word' id='word_1_218' title='bbox 675 2258 918 2294; x_wconf 86' lang='lat' dir='ltr'>honestarum</span> <span class='ocrx_word' id='word_1_219' title='bbox 939 2271 1065 2294; x_wconf 87' lang='lat' dir='ltr'>rerum</span> <span class='ocrx_word' id='word_1_220' title='bbox 1087 2258 1330 2307; x_wconf 85' lang='lat' dir='ltr'>prosperitas:</span> <span class='ocrx_word' id='word_1_221' title='bbox 1360 2258 1431 2301; x_wconf 90' lang='lat' dir='ltr'>vel,</span> 
     </span>
     <span class='ocr_line' id='line_1_30' title="bbox 171 2318 1433 2368; baseline 0.001 -12"><span class='ocrx_word' id='word_1_222' title='bbox 171 2326 216 2356; x_wconf 90' lang='lat' dir='ltr'>ut</span> <span class='ocrx_word' id='word_1_223' title='bbox 239 2320 310 2356; x_wconf 84' lang='lat' dir='ltr'>alio</span> <span class='ocrx_word' id='word_1_224' title='bbox 333 2318 441 2356; x_wconf 88' lang='lat' dir='ltr'>modo</span> <span class='ocrx_word' id='word_1_225' title='bbox 464 2319 663 2356; x_wconf 86' lang='lat' dir='ltr'>definiam:</span> <span class='ocrx_word' id='word_1_226' title='bbox 699 2320 879 2356; x_wconf 86' lang='lat' dir='ltr'>Felicitas</span> <span class='ocrx_word' id='word_1_227' title='bbox 906 2326 961 2356; x_wconf 89' lang='lat' dir='ltr'>est</span> <span class='ocrx_word' id='word_1_228' title='bbox 983 2320 1131 2356; x_wconf 86' lang='lat' dir='ltr'>fortuna</span> <span class='ocrx_word' id='word_1_229' title='bbox 1159 2321 1324 2368; x_wconf 77' lang='lat' dir='ltr'>adjutrix</span> <span class='ocrx_word' id='word_1_230' title='bbox 1351 2333 1433 2358; x_wconf 89' lang='lat' dir='ltr'>con-</span> 
     </span>
     <span class='ocr_line' id='line_1_31' title="bbox 172 2381 1434 2433; baseline 0.001 -12"><span class='ocrx_word' id='word_1_231' title='bbox 172 2383 337 2421; x_wconf 79' lang='lat' dir='ltr'>siliorum</span> <span class='ocrx_word' id='word_1_232' title='bbox 359 2383 563 2426; x_wconf 84' lang='lat' dir='ltr'>bonorun1;</span> <span class='ocrx_word' id='word_1_233' title='bbox 594 2381 728 2430; x_wconf 88' lang='lat' dir='ltr'>quibus</span> <span class='ocrx_word' id='word_1_234' title='bbox 750 2382 814 2430; x_wconf 91' lang='lat' dir='ltr'>qui</span> <span class='ocrx_word' id='word_1_235' title='bbox 837 2396 911 2418; x_wconf 91' lang='lat' dir='ltr'>non</span> <span class='ocrx_word' id='word_1_236' title='bbox 932 2383 1062 2425; x_wconf 85' lang='lat' dir='ltr'>utitur,</span> <span class='ocrx_word' id='word_1_237' title='bbox 1087 2383 1176 2419; x_wconf 82' lang='lat' dir='ltr'>felix</span> <span class='ocrx_word' id='word_1_238' title='bbox 1198 2384 1300 2420; x_wconf 85' lang='lat' dir='ltr'>nullo</span> <span class='ocrx_word' id='word_1_239' title='bbox 1323 2391 1434 2433; x_wconf 86' lang='lat' dir='ltr'>pacto</span> 
     </span>
     <span class='ocr_line' id='line_1_32' title="bbox 171 2445 1437 2497; baseline 0.001 -13"><span class='ocrx_word' id='word_1_240' title='bbox 171 2459 249 2484; x_wconf 83' lang='lat' dir='ltr'>esse</span> <span class='ocrx_word' id='word_1_241' title='bbox 266 2453 399 2497; x_wconf 87' lang='lat' dir='ltr'>potest.</span> <span class='ocrx_word' id='word_1_242' title='bbox 456 2446 557 2494; x_wconf 88' lang='lat' dir='ltr'>Ergo</span> <span class='ocrx_word' id='word_1_243' title='bbox 576 2446 615 2482; x_wconf 88' lang='lat' dir='ltr'>in</span> <span class='ocrx_word' id='word_1_244' title='bbox 634 2445 785 2496; x_wconf 86' lang='lat' dir='ltr'>perditis</span> <span class='ocrx_word' id='word_1_245' title='bbox 803 2445 998 2495; x_wconf 84' lang='lat' dir='ltr'>impiisque</span> <span class='ocrx_word' id='word_1_246' title='bbox 1017 2446 1185 2490; x_wconf 81' lang='lat' dir='ltr'>consiliis,</span> <span class='ocrx_word' id='word_1_247' title='bbox 1203 2447 1335 2496; x_wconf 86' lang='lat' dir='ltr'>quibus</span> <span class='ocrx_word' id='word_1_248' title='bbox 1355 2447 1437 2485; x_wconf 84' lang='lat' dir='ltr'>Cae-</span> 
     </span>
    </p>
   </div>
  </div>
 </body>
</html>
