1575 2771
137 197 216 234 112
549 208 745 234 coRNELn
778 208 964 235 NEPOTIS.
1218 202 1233 209 ⁷
1341 193 1400 248 [7.

572 412 813 449 CAPUT
852 412 967 449 VII.

192 492 224 525 1.
250 488 367 533 Qmm
389 487 429 524 in
452 486 666 537 apparando
691 487 870 524 acerrime
893 492 987 523 esset
1006 492 1220 535 occupatus,
1244 486 1404 524 Cartha·

133 551 317 600 ginienses
342 552 484 588 bellum
508 564 595 588 cum
619 551 806 588 Romanis
835 556 1133 600 composuerunt.
1190 550 1262 586 Ille
1288 551 1405 587 nihilo

133 616 250 652 secius
269 615 449 652 exercitui
464 621 594 664 postea
608 614 765 663 praefuit,
783 627 912 663 resque
927 614 967 650 in
982 613 1115 650 Africa
1133 614 1246 662 gessit
1261 626 1269 659 3
1299 613 1406 650 item-

134 692 206 727 que
223 678 341 726 Mago
361 679 476 715 frater
495 678 585 726 ejus,
602 691 718 727 usque
739 678 787 715 ad
801 678 846 714 P.
863 677 1075 726 Sulpicium
1089 683 1126 714 et
1144 677 1188 714 C.
1206 677 1406 714 Aurelium

134 742 311 777 consules.
370 744 405 777 2.
428 741 500 777 His
520 741 622 777 enim
641 741 926 788 magistratibus
941 741 1059 789 legati
1075 741 1407 790 Carthaginienses

134 804 307 841 Romam
334 811 529 848 venerunt,
555 805 618 853 qui
648 805 796 841 senatui
823 805 1031 854 populoque
1060 805 1237 842 Romano
1265 806 1407 853 gratias

136 873 300 916 agerent,
317 869 414 917 quod
433 882 522 905 eum
540 868 599 905 his
617 882 751 918 pacem
770 868 951 912 fecissent,
969 869 1014 906 ob
1034 882 1192 918 eamque
1212 882 1293 905 rem
1312 882 1408 906 coro—

137 945 188 968 na
211 945 326 968 aurea
349 946 409 969 eos
433 931 614 969 donarent
638 933 822 981 simulque
845 939 1024 982 peterent,
1050 939 1094 970 ut
1116 931 1258 970 obsides
1280 946 1408 970 eorum

137 995 320 1043 Fregellis
339 1002 471 1039 essent,
493 996 708 1045 captivique
727 994 980 1032 redderentur.
1039 999 1074 1033 3.
1100 997 1172 1034 His
1191 1010 1238 1033 ex
1257 1003 1408 1034 senatus

137 1059 304 1096 consulto
322 1073 541 1108 responsum
561 1066 616 1096 est
633 1072 639 1096 :
664 1073 803 1096 munus
823 1074 950 1096 eorum
965 1067 1117 1108 gratum
1138 1068 1409 1110 acceptumque

137 1135 236 1166 esse;
267 1123 420 1166 obsides,
445 1137 517 1172 quo
545 1124 624 1160 loco
652 1130 836 1171 rogarent,
862 1123 1005 1160 futuros
1020 1136 1028 1168 3
1059 1125 1227 1173 captivos
1254 1138 1329 1161 non
1355 1138 1409 1162 re—

136 1185 321 1228 missuros,
344 1187 440 1235 quod
463 1185 733 1229 Hannibalem,
757 1187 862 1235 cujus
891 1200 1003 1236 opera
1031 1194 1244 1237 susceptum
1266 1187 1410 1226 bellum

137 1249 241 1293 foret,
262 1249 564 1286 inimicissimum
586 1249 729 1286 nomini
752 1250 940 1295 Romano,
966 1251 1083 1288 etiam
1106 1265 1207 1288 nunc
1230 1265 1318 1289 cum
1341 1252 1408 1289 im-

137 1313 237 1363 perio
257 1312 358 1362 apud
376 1314 585 1351 exereitum
604 1315 796 1358 haberent,
817 1315 982 1364 itemque
1001 1315 1158 1352 fratrem
1177 1316 1257 1364 ejus
1276 1316 1409 1365 Mago-

138 1390 238 1414 nem.
295 1380 331 1413 4.
350 1377 434 1414 Hoe
454 1391 623 1427 responso
640 1378 973 1426 Carthaginienses
992 1379 1138 1428 cognito
1150 1379 1410 1417 Hannibalem

139 1438 294 1477 domum
328 1441 608 1490 Magonemque
641 1449 875 1479 revocarunt.
933 1443 1022 1480 Huc
1055 1449 1099 1480 ut
1127 1442 1248 1487 rediit,
1277 1450 1410 1493 praetor

139 1503 262 1541 sactus
284 1510 349 1548 est,
374 1511 573 1554 postquam
601 1519 665 1542 rex
692 1505 824 1549 suerat,
851 1519 947 1543 anno
976 1505 1134 1543 secundo
1162 1514 1200 1544 et
1222 1507 1408 1544 vicesimo.

140 1568 198 1605 Ut
226 1568 327 1605 enim
354 1569 490 1605 Romae
519 1570 695 1613 consules,
726 1570 777 1606 sic
807 1570 1041 1618 Carthagine
1069 1570 1268 1619 quotannis
1296 1570 1411 1608 annui

143 1630 218 1668 bini
241 1645 346 1680 reges
372 1633 608 1669 creabantur.
667 1635 701 1669 5.
728 1633 776 1670 In
799 1647 840 1670 eo
863 1634 1091 1682 magistratu
1113 1634 1196 1684 pari
1218 1635 1412 1683 diligentia

140 1709 178 1733 se
197 1696 396 1733 Hannibal
415 1696 573 1746 praebuit
596 1710 640 1733 ac
663 1696 785 1734 suerat
803 1697 844 1734 in
862 1698 970 1737 hello.
1026 1698 1206 1747 Namque
1225 1698 1347 1736 effecit
1365 1712 1412 1736 ex

140 1760 244 1797 novis
262 1760 511 1809 vectigalibus
529 1774 604 1798 non
623 1761 744 1798 solum
763 1767 806 1798 ut
826 1767 921 1798 esset
940 1762 1110 1811 pecunia,
1128 1775 1210 1811 quae
1225 1762 1411 1800 Romanis

140 1837 187 1860 ex
201 1823 334 1861 foedere
353 1825 586 1873 penderetur,
604 1825 667 1861 sed
686 1825 804 1862 etiam
823 1832 1038 1874 superesset,
1055 1839 1137 1874 quae
1156 1826 1196 1863 in
1214 1826 1342 1863 aerario
1358 1840 1411 1863 re-

142 1894 350 1936 poneretur.
410 1890 444 1924 6.
467 1887 624 1931 Deinde,
642 1901 739 1925 anno
758 1895 841 1937 post
856 1895 1071 1938 praeturam,
1089 1889 1222 1926 Marco
1238 1889 1409 1933 Claudio,

140 1950 262 1987 Lucio
276 1951 402 1995 Furio,
417 1951 640 1995 consulibus,
652 1952 782 1989 Roma
794 1953 911 2000 legati
925 1952 1200 2002 Carthaginem
1212 1960 1408 1991 venerunt.

140 2014 221 2051 Hos
236 2015 433 2052 Hannibal
453 2015 509 2052 sui
529 2016 748 2065 exposcendi
767 2016 891 2064 gratia
909 2017 1038 2053 missos
1058 2023 1173 2060 ratus,
1191 2017 1410 2066 priusquam

139 2078 198 2115 his
217 2085 369 2116 senatus
389 2078 551 2123 daretur,
568 2094 706 2117 navem
727 2081 939 2118 conscendit
954 2081 1054 2118 clam
1071 2088 1184 2131 atque
1203 2082 1243 2118 in
1260 2082 1410 2131 Syriam

141 2140 190 2179 ad
209 2143 445 2180 Antiochum
464 2144 638 2193 profugit.
689 2146 723 2180 7.
746 2145 833 2181 Hac
848 2158 886 2181 re
901 2146 1029 2194 palam
1044 2146 1156 2189 sacta,
1174 2145 1280 2182 Pceni
1295 2159 1410 2183 naves

139 2204 243 2250 duas,
265 2220 346 2256 quae
373 2221 462 2244 eum
485 2206 850 2257 comprehenderent,
871 2209 901 2246 si
927 2215 1075 2258 possent
1100 2210 1283 2259 consequi,
1303 2209 1410 2247 miso-

139 2276 253 2316 nmt3
282 2269 381 2308 bona
406 2272 486 2320 ejus
510 2271 775 2321 publicarunt3
807 2272 960 2309 domum
986 2287 1010 2310 a
1028 2273 1283 2312 fundamentis
1305 2271 1408 2322 disje-

139 2340 296 2380 cenmt3
325 2335 450 2385 ipsum
469 2336 636 2373 exsulem
650 2336 879 2385 judicarunt.
