1575 2771
147 180 201 216 92
569 188 763 215 CORNELII
795 187 981 214 NEPOTIS.
1287 168 1332 224 [8
1369 176 1393 211 θ

146 277 370 320 anfractum,
394 274 458 313 sed
485 281 566 312 erat
595 276 750 324 copiosa,
777 275 1018 322 omniumque
1047 286 1171 310 rerum
1201 271 1395 310 abundans

112 354 114 357 ’
149 342 183 376 6.
205 340 292 376 Hac
311 340 341 376 si
359 339 658 389 proficisceretur,
675 337 920 385 intelligebat,
937 337 1038 386 prius
1057 336 1284 373 adversarios
1302 336 1404 373 resci-

146 411 248 441 turos
270 405 314 440 dc
337 418 401 440 suo
424 402 600 445 adventu,
621 415 736 451 quam
756 402 832 450 ipse
855 401 1007 437 tertiam
1024 406 1171 449 partem
1193 400 1405 437 confecisset

145 467 310 511 itineris;
349 467 406 503 sin
429 479 493 515 per
515 467 597 502 loca
626 465 703 501 sola
731 462 979 506 contenderet,
1004 461 1187 511 sperabat,
1212 475 1249 498 se
1270 463 1405 511 impru-

145 530 297 567 dentem
313 531 458 566 hostem
473 541 742 578 oppressurum.
801 529 835 563 7.
857 525 920 563 Ad
935 527 1032 562 hanc
1048 538 1127 562 rem
1142 524 1404 562 conficiendam

144 593 346 642 imperavit
369 605 483 641 quam
506 591 684 640 plurimos
706 597 808 626 utres
831 597 942 638 atque
964 589 1081 625 etiam
1103 588 1239 624 culleos
1262 599 1408 636 compa-

143 655 218 691 rari
234 667 242 699 ;
271 661 353 704 post
373 655 453 691 haec
471 654 655 702 pabulum
671 665 678 697 ;
707 659 886 702 praeterea
904 651 1044 688 cibaria
1063 657 1169 687 cocta
1187 651 1332 686 dierum
1349 648 1408 686 de-

145 730 227 753 cem
255 723 300 753 ut
327 729 442 765 quam
473 715 629 751 minime
658 715 763 751 fieret
792 715 888 763 ignis
917 715 958 751 in
989 714 1131 750 castris.
1198 713 1288 756 Iter,
1312 713 1408 762 quod

143 779 319 822 habebat,
344 791 472 815 omnes
499 778 608 814 celat.
674 778 737 814 Sic
764 784 928 826 paratus,
952 791 1027 826 qua
1053 777 1307 821 constituerat,
1329 789 1408 826 pro·

144 840 333 878 ficiscitur.

594 1020 835 1057 CAPUT
882 1020 966 1057 IX.

201 1098 234 1131 1.
259 1095 448 1131 Damnum
470 1094 544 1130 fere
572 1094 736 1143 spatium
764 1094 980 1137 confecerat,
1002 1107 1118 1143 quum
1140 1107 1187 1131 ex
1207 1093 1310 1131 fumo
1332 1107 1408 1132 cas-

143 1164 289 1194 trorum
308 1157 387 1204 ejus
409 1156 566 1206 suspicio
589 1157 710 1193 aflata
731 1163 787 1194 est
806 1158 853 1193 ad
873 1157 1096 1200 Eumenem,
1117 1157 1263 1193 hostem
1282 1170 1409 1206 appro-

143 1221 334 1271 pinquare.
394 1220 635 1257 Conveniunt
650 1221 760 1256 duces
775 1233 783 1264 ;
814 1220 1002 1269 quaeritur,
1019 1220 1108 1269 quid
1123 1233 1213 1269 opus
1231 1220 1279 1257 sit
1297 1221 1407 1257 facto.

144 1283 413 1332 InteHigebant
440 1297 579 1326 omnes,
601 1290 684 1320 tam
713 1284 880 1320 celeriter
903 1283 1025 1332 copias
1047 1284 1210 1332 ipsorum
1238 1283 1409 1320 contrahi

143 1360 217 1384 non
248 1361 362 1396 posse,
387 1360 502 1395 quam
529 1347 745 1395 Antigonus
779 1347 963 1383 affuturus
989 1347 1197 1383 videbatur.
1273 1349 1307 1382 2.
1332 1347 1409 1384 Hic

143 1410 316 1447 omnibus
335 1410 589 1447 titubantibus
608 1417 645 1446 et
660 1411 705 1446 de
724 1411 834 1446 rebus
853 1410 1009 1446 summis
1023 1408 1313 1458 desperantibus,
1331 1410 1408 1446 Eu-

142 1487 269 1510 menes
293 1474 357 1516 ait,
379 1473 408 1509 si
428 1473 660 1510 celeritatem
678 1474 796 1510 velint
816 1473 988 1510 adhibere
1011 1479 1049 1509 et
1070 1473 1257 1522 imperata
1275 1473 1406 1517 facere,

143 1537 241 1585 quod
264 1542 351 1572 ante
379 1550 454 1573 non
476 1536 641 1579 fecerint,
667 1550 704 1573 se
733 1550 812 1573 rem
839 1537 1111 1585 expediturum.
1178 1535 1286 1572 Nam
1313 1537 1406 1585 quod

144 1600 272 1636 diebus
291 1600 451 1648 quinque
470 1600 587 1635 hostis
609 1600 783 1635 transisse
805 1605 937 1648 posset,
959 1612 996 1635 se
1019 1599 1249 1642 effecturum,
1269 1605 1314 1635 ut
1335 1613 1406 1636 non

143 1662 268 1699 minus
284 1662 441 1698 totidem
456 1662 601 1698 dierum
617 1662 735 1710 spatio
750 1662 1022 1699 retardaretur:
1043 1675 1156 1711 quare
1171 1661 1410 1699 circumirent

143 1739 300 1774 suasque
320 1726 472 1774 quisque
492 1725 616 1774 copias
635 1726 880 1762 contraheret.
938 1727 972 1761 3.
998 1723 1061 1761 Ad
1079 1725 1260 1773 Antigoni
1281 1731 1408 1762 autem

143 1787 408 1825 refrenandum
432 1789 617 1837 impetum
645 1790 721 1825 tale
749 1789 851 1837 capit
874 1788 1079 1824 consilium.
1138 1788 1268 1824 Certos
1289 1789 1409 1825 mittit

144 1852 313 1887 homines
333 1850 380 1887 ad
397 1851 542 1887 infimos
560 1858 715 1893 montes,
730 1851 791 1899 qui
808 1851 907 1887 obvii
922 1857 1028 1886 erant
1046 1850 1170 1886 itineri
1186 1849 1409 1887 adversario-

144 1927 240 1956 rum,
257 1914 387 1961 hisque
402 1914 586 1962 praeccpst,
603 1920 646 1950 ut
661 1915 783 1963 prima
797 1920 915 1956 nocte,
933 1926 1048 1962 quam
1062 1913 1242 1949 latissime
1258 1913 1407 1961 possint,

144 1976 246 2024 ignes
262 1976 402 2012 faciant
417 1990 530 2025 quam
546 1977 739 2020 maximos,
756 1984 867 2025 atque
883 1978 949 2013 hos
968 1977 1130 2013 secunda
1145 1977 1275 2024 vigilia
1289 1977 1408 2013 minu-

145 2045 221 2082 ant,
269 2042 304 2075 4.
331 2039 463 2076 Tertia
482 2041 698 2089 perexiguos
717 2039 884 2084 reddant,
901 2047 949 2084 et,
967 2040 1187 2077 assimulata
1202 2047 1408 2078 castrorum

145 2102 420 2145 consuetudine,
449 2103 694 2152 suspicionem
726 2104 896 2152 injiciant
928 2103 1103 2146 hostibus,
1128 2104 1186 2140 his
1215 2104 1303 2140 locis
1332 2117 1408 2140 esse

145 2171 277 2208 castra,
300 2178 342 2201 ac
370 2166 414 2201 dc
440 2179 567 2203 eorum
594 2167 758 2203 adventu
786 2180 861 2204 esse
889 2167 1183 2216 praenuntiatum
1198 2179 1206 2211 ;
1237 2167 1409 2216 idemque

144 2235 290 2278 postera
307 2236 414 2265 nocte
430 2229 580 2266 saciant.
639 2233 674 2266 5.
700 2230 846 2275 Quibus
861 2231 1087 2279 imperatum
1106 2236 1196 2273 erat,
1215 2230 1409 2279 diligenter

146 2299 372 2341 praeceptum
396 2299 541 2329 curant.
598 2294 819 2341 Antigonus,
841 2293 1002 2330 tenebris
1030 2293 1175 2336 obortis,
1197 2293 1299 2341 ignes
1327 2306 1409 2330 con-

147 2355 311 2403 spicatur
329 2368 336 2399 ;
363 2356 488 2399 crodit,
505 2356 549 2392 de
569 2370 632 2393 suo
653 2357 819 2394 adventu
838 2371 914 2394 esse
934 2357 1107 2394 auditum
1126 2363 1163 2393 et
1183 2355 1408 2392 adversarios

147 2420 236 2457 illuc
264 2433 351 2457 suas
373 2421 597 2458 contraxisse
620 2421 754 2470 copias.
812 2423 846 2457 6.
871 2421 1006 2458 Mutat
1028 2419 1223 2457 consilium
1250 2424 1298 2460 ct,
1322 2430 1407 2466 quo·
