1575 2771
432 533 532 589 VI.
605 530 1131 588 LYSANDER.

627 726 869 764 CAPUT
908 726 940 763 Ι.

206 805 237 838 1.
267 801 495 845 LYsANDER,
528 799 850 844 Lacedaemonius,
881 814 1066 849 magnam
1098 800 1248 850 reliquit
1279 800 1335 837 sui
1367 802 1420 838 fa-

148 876 264 908 mam,
285 865 406 913 magis
428 864 618 908 felicitate,
641 877 757 913 quam
778 864 922 900 virtute
949 870 1113 913 partam.
1170 862 1420 902 Athenienses

147 929 248 965 enim
270 928 310 965 in
329 928 614 978 Peloponnesios
636 934 740 964 sexto
763 934 800 964 et
820 927 996 964 vicesimo
1017 941 1114 964 anno
1132 926 1275 964 bellum
1295 940 1420 975 geren-

148 998 203 1029 tes
222 992 418 1028 confecisse
439 998 606 1041 apparet.
665 990 712 1028 Id
740 1004 815 1039 qua
833 991 978 1027 ratione
997 998 1217 1028 consecutus
1237 991 1294 1033 sit,
1311 991 1418 1027 latet.

149 1058 184 1092 2.
214 1056 304 1092 Non
331 1055 434 1093 enim
455 1055 597 1092 virtute
626 1055 682 1091 sui
706 1054 902 1098 exercitus,
928 1053 992 1091 sed
1014 1053 1252 1091 immodestia
1275 1054 1420 1091 sactum

147 1126 202 1157 est
230 1118 542 1162 adversariorum,
565 1119 638 1167 qui,
661 1116 758 1167 quod
786 1116 885 1155 dicto
915 1116 1110 1154 audientes
1132 1117 1420 1167 imperatoribus

147 1183 223 1220 suis
241 1197 316 1220 non
335 1189 454 1226 erant,
472 1181 648 1231 dispalati
667 1182 708 1218 in
727 1181 836 1230 agris,
853 1181 993 1218 relictis
1011 1180 1183 1224 navibus,
1201 1181 1241 1217 in
1255 1181 1419 1218 hostium

146 1253 331 1283 venerunt
350 1252 588 1296 potestatem.
638 1245 722 1291 Quo
741 1245 840 1282 facto
857 1245 1108 1282 Athenienses
1127 1258 1164 1281 se
1179 1243 1420 1282 Lacedaemo-

146 1310 217 1347 uiis
249 1309 483 1347 dediderunt.
542 1312 577 1347 3.
608 1310 696 1346 Hae
724 1309 883 1346 victoria
910 1307 1108 1359 Lysander
1141 1309 1274 1353 elatus,
1304 1323 1420 1358 quum

147 1380 262 1410 antea
284 1387 428 1423 semper
450 1373 625 1410 factiosus
649 1371 847 1422 audaxque
866 1373 1005 1416 fuisset,
1027 1373 1078 1410 sic
1101 1372 1170 1410 sibi
1188 1371 1355 1417 indulsit,
1375 1380 1420 1410 ut

147 1437 227 1485 ejus
245 1451 358 1486 opera
376 1437 416 1474 in
434 1437 649 1473 maximum
668 1435 796 1473 odium
817 1436 973 1473 Graeciae
993 1435 1274 1473 Lacedaemonii
1292 1450 1420 1486 perve-

146 1500 280 1538 nerint.
338 1504 374 1536 4.
397 1501 504 1537 Nam
524 1514 641 1549 quum
661 1501 760 1537 hane
780 1514 937 1537 causam
956 1499 1236 1537 Lacedaemonii
1256 1499 1419 1537 dictitas-

146 1571 228 1601 sent
249 1563 318 1601 sibi
341 1578 417 1601 esse
440 1563 540 1607 belli,
561 1571 605 1600 ut
624 1564 917 1600 Atheniensium
936 1564 1181 1613 impotentem
1201 1562 1420 1601 dominatio-

145 1641 234 1664 nem
261 1628 517 1676 refringerent,
541 1634 742 1676 postquam
772 1626 872 1676 apud
901 1628 1022 1675 AEgos
1051 1627 1195 1663 flumen
1223 1626 1419 1676 Lysander

145 1691 272 1729 classis
294 1691 460 1728 hostium
482 1698 537 1728 est
560 1691 712 1741 potitus,
734 1691 829 1742 nihil
853 1689 957 1727 aliud
979 1691 1133 1727 molitus
1153 1698 1218 1734 est,
1241 1704 1357 1740 quam
1376 1698 1420 1728 ut

145 1769 273 1792 omnes
295 1755 470 1792 civitates
491 1755 531 1792 in
559 1768 627 1792 sua
649 1761 794 1792 teneret
816 1761 1014 1804 potestate,
1039 1768 1157 1803 quum
1180 1753 1218 1791 id
1240 1768 1278 1791 se
1301 1755 1419 1792 Laee-

145 1818 414 1856 daemoniorum
433 1832 548 1855 causa
566 1818 688 1855 facere
711 1818 920 1855 simularet.
978 1820 1012 1854 5.
1043 1818 1222 1866 Namque
1242 1817 1417 1867 undique,

145 1883 209 1932 qui
224 1882 516 1919 Atheniensium
535 1881 647 1918 rebus
665 1879 906 1924 studuissent,
924 1881 1061 1929 ejectis,
1080 1879 1209 1917 decem
1229 1879 1418 1930 delegerat

144 1945 184 1983 in
211 1958 436 1994 unaquaque
464 1945 630 1987 civitate,
656 1945 791 1994 quibus
819 1955 1012 1982 summum
1035 1945 1236 1994 imperium
1257 1951 1418 1994 potesta-

144 2016 297 2058 temque
319 2009 490 2046 omm'um
513 2022 639 2046 rerum
661 2009 926 2046 committeret.
984 2008 1135 2046 Horum
1158 2008 1198 2045 in
1216 2022 1417 2046 numerum

143 2086 254 2110 uerno
283 2071 568 2117 admittebatur,
593 2072 663 2109 nisi
692 2072 755 2121 qui
779 2079 846 2109 aut
869 2073 948 2120 ejus
969 2070 1128 2122 hospitio
1152 2072 1415 2116 contineretur,

145 2143 213 2175 aut
232 2150 270 2174 se
288 2137 388 2174 illius
407 2136 482 2174 fore
500 2136 695 2187 proprium
713 2135 787 2174 fide
806 2137 1060 2174 confirmaret.

608 2318 851 2357 CAPUT
889 2319 956 2356 II.

201 2399 234 2433 1.
264 2394 337 2432 ITA
359 2392 600 2431 decemvirali
622 2401 807 2444 potestate
834 2394 873 2431 in
901 2393 1072 2432 omnibus
1091 2394 1253 2432 urbibus
1273 2397 1414 2432 consti·

145 2464 241 2502 tuta,
265 2458 380 2508 ipsius
404 2463 502 2495 nutu
525 2458 653 2495 omnia
675 2459 910 2506 gerebantur.
971 2458 1091 2506 Cujus
1112 2456 1160 2494 de
1179 2458 1411 2496 crudelitate

146 2533 190 2559 tw
210 2520 366 2570 perfidia
390 2522 479 2558 satis
502 2529 555 2558 est
581 2535 697 2558 tutam
723 2535 810 2558 rem.
834 2522 994 2571 exempli
1017 2519 1413 2570 gratia‚praferre,ne
