1575 2771
541 455 596 513 W
669 459 988 514 OlhloN.

575 636 921 690 'CAPUTL

189 729 221 763 1.
253 726 392 771 C1MON,
423 726 613 765 Miltiadis
644 728 754 771 filius,
785 729 1036 773 Atheniensis,
1071 728 1162 766 duro
1196 728 1397 767 admodum

131 789 236 827 initio
264 804 352 827 usus
380 796 435 828 est
463 790 730 828 adolescentiae.
788 792 895 828 Nam
918 806 1036 841 quum
1058 799 1166 841 pater
1189 793 1269 841 ejus
1291 793 1397 830 litem

132 854 360 891 aestimatam
381 856 516 904 populo
539 856 678 892 solvere
701 869 775 892 non
797 856 976 904 potuisset
997 857 1042 893 ob
1065 870 1223 905 eamque
1244 870 1396 893 causam

131 917 171 955 in
188 918 347 955 vinculis
365 918 523 967 publicis
542 917 753 955 decessisset
771 932 777 955 :
805 920 941 955 Cimon
960 919 1092 956 eadem
1112 918 1280 956 custodia
1298 927 1398 956 tene-

131 981 254 1024 batur,
271 995 390 1029 neque
409 981 552 1029 legibus
571 982 861 1018 Atheniensium
881 982 1005 1018 emitti
1023 988 1182 1031 poterat,
1200 982 1270 1018 nisi
1290 996 1398 1031 pecu-

131 1045 244 1088 niam,
265 1057 340 1093 qua
360 1050 469 1093 pater
495 1044 683 1081 multatus
711 1051 802 1087 erat,
828 1045 1006 1082 solvisset.
1065 1048 1100 1081 2.
1131 1045 1312 1083 Habebat
1335 1059 1398 1083 au-

130 1114 209 1145 tern
230 1108 270 1145 in
291 1107 530 1145 matrimonio
553 1121 713 1145 sororem
737 1122 960 1156 germanam
983 1122 1102 1153 suam,
1124 1109 1274 1146 nomine
1293 1109 1397 1159 Elpi-

129 1172 248 1216 nicen,
269 1185 343 1209 non
361 1171 483 1220 magis
503 1185 638 1216 amore,
660 1185 776 1221 quam
794 1186 896 1209 more
916 1171 1061 1209 duetus.
1113 1172 1220 1210 Nam
1240 1173 1397 1209 Atheni-

129 1234 277 1272 ensibus
304 1235 392 1272 licet
419 1234 549 1272 eodem
575 1241 683 1284 patre
709 1242 821 1272 natas
842 1250 973 1272 uxores
1001 1234 1146 1273 ducere.
1205 1238 1240 1273 3.
1271 1237 1397 1284 Hujus

129 1299 291 1348 conjugii
313 1298 468 1349 cupidus
492 1299 636 1336 Callias
658 1298 822 1348 quidam,
846 1313 922 1336 non
945 1305 1027 1336 tam
1049 1313 1256 1347 generosus,
1282 1313 1397 1348 quam

129 1363 357 1413 pecuniosus,
382 1363 445 1412 qui
472 1376 631 1411 magnas
657 1363 834 1412 pecunias
867 1377 914 1400 ex
945 1363 1109 1401 metallis
1141 1363 1290 1407 fecerat,
1321 1363 1397 1411 egit

129 1440 218 1464 eum
237 1427 405 1471 Cimone,
429 1433 473 1463 ut
496 1440 582 1464 eam
605 1425 673 1464 sibi
696 1440 851 1464 uxorem
874 1425 1005 1464 daret:
1034 1425 1073 1463 id
1096 1427 1126 1463 si
1148 1426 1396 1476 impetrasset.

129 1504 167 1529 sc
187 1504 254 1541 pro
276 1491 338 1528 illo
361 1490 562 1540 pecuniam
584 1491 805 1528 soluturum.
862 1494 898 1527 4.
930 1491 969 1528 Is
992 1504 1108 1539 quum
1130 1491 1248 1528 talem
1276 1489 1396 1527 condi·

129 1554 268 1591 tionem
293 1559 565 1603 aspernaretur,
587 1553 760 1602 Elpinice
779 1553 944 1601 negavit,
966 1568 1003 1590 se
1023 1567 1230 1603 passuram,
1251 1554 1397 1590 Miltia-

129 1617 186 1655 djs
207 1617 421 1667 progeniem
449 1617 489 1653 in
510 1616 671 1653 vinculis
698 1616 856 1665 publicis
884 1617 1046 1660 interire,
1071 1617 1250 1665 quoniam
1276 1616 1397 1665 prohi-

130 1681 215 1719 bere
237 1686 369 1730 posset,
391 1693 500 1729 seque
524 1679 656 1716 Calliae
678 1686 896 1728 nupturam,
919 1680 948 1716 si
971 1693 1026 1724 ea,
1048 1693 1128 1728 quae
1148 1680 1395 1728 polliceretur,

129 1744 369 1795 praestitisset.

587 1925 829 1963 CAPUT
868 1925 934 1963 ΙΙ.

184 2007 216 2040 1.
248 2002 350 2040 Tim
368 1999 478 2039 modo
498 1999 666 2038 custodia
684 2000 867 2038 liberatus
888 2000 1025 2038 Cimon
1045 2001 1212 2038 celeriter
1232 1999 1280 2038 ad
1298 2015 1396 2050 prm-

129 2067 296 2116 cipatum
310 2065 492 2116 pervenit.
541 2066 720 2102 Habebat
736 2065 837 2102 enim
853 2065 942 2102 satis
957 2066 1186 2115 eloquentiae,
1204 2079 1395 2103 summam

127 2131 405 2173 liberalitatem,
432 2142 613 2177 magnam
643 2127 884 2178 prudentiam
914 2136 999 2166 tum
1026 2130 1122 2178 juris
1155 2130 1283 2174 civilis,
1312 2137 1395 2167 tum

128 2195 181 2232 rei
207 2193 392 2236 militaris,
413 2191 510 2242 quod
533 2206 620 2229 cum
643 2199 750 2241 patre
774 2206 796 2229 a
818 2206 931 2241 puero
960 2193 999 2230 in
1027 2192 1251 2230 exercitibus
1273 2193 1395 2230 fuerat

128 2263 308 2295 versatus.
365 2257 502 2305 1taque
529 2256 590 2293 hic
619 2262 657 2293 et
685 2257 865 2305 populum
895 2256 1082 2293 urbanum
1110 2257 1148 2293 in
1176 2270 1246 2293 sua
1273 2257 1395 2293 tenuit

129 2326 322 2371 potestate,
347 2326 385 2356 et
413 2318 513 2368 apud
541 2319 747 2355 exereitum
775 2319 981 2367 plurimum
1005 2320 1127 2356 valuit
1157 2320 1391 2357 auctoritate.

130 2390 164 2423 2.
187 2385 361 2423 Primum
376 2384 578 2432 imperator
594 2381 694 2431 apud
709 2382 853 2418 ssumcn
871 2383 1074 2431 Strymona
1092 2396 1251 2429 magnas
1271 2383 1394 2432 copias

129 2451 324 2488 Thracum
357 2447 513 2496 fugavit,
544 2444 721 2496 oppidum
754 2446 1013 2496 Amphipolim
1046 2446 1250 2490 constituit,
1280 2460 1394 2496 eoque
