1575 2771
164 228 220 267 46
589 237 784 265 connum
817 236 1006 262 ΝΕΡΟΤΙΞ.
1309 219 1369 273 [2,
1389 225 1428 262 3.

625 443 867 482 CAPUT
905 442 972 479 ΙΙ.

223 525 256 558 1.
284 521 427 564 NEQUE
447 533 533 557 vero
552 519 632 556 haec
652 518 876 568 Dionysium
894 517 1101 566 fugiebant.
1158 516 1275 560 Nam,
1293 521 1433 565 quanto

165 592 259 623 esset
292 585 361 622 sibi
393 590 622 628 omamento‚
653 582 847 620 sentiebat.
905 582 990 627 Quo
1018 580 1145 624 fiebat,
1174 587 1218 617 ut
1247 580 1314 617 uni
1345 580 1434 617 huic

165 649 332 686 maxime
360 649 580 697 indulgeret,
609 661 730 696 neque
759 660 848 683 eum
880 659 986 683 secus
1018 645 1187 693 diligeret
1215 658 1259 682 ac
1287 644 1432 682 filium:

167 716 202 750 2.
224 713 301 758 Qui
320 711 481 761 quidem,
499 725 628 760 quum,
649 712 850 748 Platonem
866 711 1080 747 Tarentum
1098 709 1252 752 venisse,
1273 708 1378 746 fama
1396 708 1436 746 in

167 776 337 812 Siciliam
359 781 454 812 esset
476 775 633 823 perlata,
655 774 877 811 adolescenti
898 787 1037 822 negare
1058 787 1133 810 non
1151 773 1324 822 potuerit,
1346 772 1437 821 quin

165 852 253 875 eum
276 845 486 882 arcesseret,
508 851 627 887 quum
651 837 753 874 Dion
775 838 855 885 ejus
879 837 1053 874 audiendi
1075 835 1282 886 cupiditate
1302 837 1436 885 flagra-

165 908 234 939 ret.
286 902 402 939 Dedit
421 915 507 950 ergo
526 901 616 938 huic
635 901 787 938 veniam
806 914 1020 949 magnaque
1040 913 1127 937 eum
1147 900 1349 936 ambitione
1371 900 1437 949 Sy-

166 980 317 1003 racusas
335 966 520 1015 perduxit.
578 967 613 1001 3.
645 965 770 1010 Quem
790 965 891 1002 Dion
911 963 1002 1001 adeo
1022 964 1231 1001 admiratus
1250 970 1306 1001 est
1325 969 1438 1013 atque

168 1028 374 1073 adamavit,
392 1035 436 1066 ut
456 1043 493 1065 se
512 1035 637 1065 totum
657 1029 690 1065 ei
706 1027 881 1065 traderet.
929 1028 1064 1077 Neque
1079 1041 1166 1064 vero
1185 1027 1311 1064 minus
1326 1028 1438 1065 Plato

167 1092 374 1130 delectatus
393 1099 448 1129 est
465 1093 597 1128 Dione.
647 1092 783 1141 Itaque
803 1105 922 1140 quum
942 1105 964 1128 a
984 1091 1162 1141 Dionysio
1181 1098 1339 1140 tyranno
1359 1104 1439 1128 cru-

168 1155 299 1193 deliter
327 1158 491 1194 violatus
514 1162 622 1199 esset,
644 1155 782 1206 quippe
802 1156 865 1205 qui
885 1169 974 1193 eum
1003 1157 1232 1194 venumdari
1258 1154 1437 1203 jussisset,

168 1226 298 1256 tamen
335 1217 465 1255 eodem
503 1219 622 1261 rediit,
658 1217 825 1266 ejusdem
863 1218 996 1255 Dionis
1031 1217 1203 1268 precibus
1240 1217 1437 1256 adductus.

168 1286 205 1320 4.
230 1282 390 1320 Interim
412 1282 452 1318 in
474 1281 648 1319 morbum
671 1282 802 1319 incidit
822 1282 1034 1332 Dionysius.
1091 1282 1177 1328 Quo
1197 1296 1314 1332 quum
1333 1282 1440 1331 gravi

168 1348 456 1391 conflictaretur,
481 1347 652 1396 quaesivit
681 1361 704 1384 a
731 1347 884 1384 medicis
913 1347 1024 1391 Dion,
1055 1343 1386 1396 quemadmodum'
1403 1360 1440 1384 se

168 1413 324 1450 haberet
340 1412 354 1449 Τ
386 1412 570 1461 simulque
591 1411 639 1448 ab
658 1412 716 1448 his
731 1412 851 1461 petiit,
873 1412 902 1448 si
921 1412 1014 1448 forte
1034 1411 1167 1460 majori
1187 1418 1281 1448 esset
1300 1411 1441 1461 pericu-

167 1477 213 1521 lo,
233 1482 278 1513 ut
297 1475 366 1513 sibi
386 1476 595 1512 faterentur
612 1488 618 1512 :
649 1489 741 1512 nam
761 1476 857 1512 velle
880 1489 918 1512 se
941 1489 1028 1512 cum
1051 1489 1092 1512 eo
1116 1475 1272 1523 colloqui
1295 1476 1340 1511 de
1358 1463 1440 1525 par:

167 1540 292 1577 tiendo
319 1552 455 1588 regno3
485 1537 583 1588 quod
610 1539 741 1576 sororis
768 1552 843 1575 suae
871 1539 964 1575 filios
993 1552 1039 1575 ex
1067 1539 1129 1575 illo
1157 1545 1264 1576 natos
1292 1545 1440 1588 partem

166 1604 271 1652 regni
298 1603 461 1653 putabat
483 1604 616 1639 debere
638 1603 786 1639 habere.
846 1605 880 1639 5.
912 1601 959 1639 Id
977 1601 1113 1639 medici
1132 1616 1206 1639 non
1225 1608 1439 1645 tacuerunt,

167 1674 205 1704 et
237 1666 286 1704 ad
319 1667 544 1716 Dionysium
577 1667 700 1702 filium
737 1679 945 1703 sennonem
977 1667 1201 1703 retulerunt.
1258 1666 1344 1711 Quo
1377 1666 1441 1703 ille

168 1738 386 1774 commotus,
416 1744 463 1768 ne
498 1730 633 1779 agendi
666 1736 761 1766 esset
790 1730 905 1767 Dioni
932 1736 1108 1780 potestas,
1138 1730 1238 1780 patri
1271 1743 1439 1780 soporem

168 1793 329 1831 medicos
357 1793 447 1831 dare
474 1794 609 1843 coegit.
666 1794 751 1830 Hoc
779 1807 875 1842 aeger
903 1800 1037 1838 sumto,
1061 1800 1105 1832 ut
1131 1807 1259 1831 somno
1287 1794 1438 1844 sopitus.

168 1858 269 1895 diem
288 1857 379 1895 obiit
398 1871 628 1907 supremum.

616 2040 858 2078 CAPUT
896 2041 996 2078 III.

226 2119 258 2152 1.
290 2115 402 2152 TALE
425 2114 578 2152 initium
597 2115 668 2152 fuit
687 2115 819 2153 Dionis
838 2122 876 2154 et
895 2117 1067 2167 Dionysii
1089 2117 1301 2161 simultatis,
1323 2130 1437 2167 eaque

168 2180 300 2218 multis
327 2181 436 2217 rebus
460 2187 575 2217 aucta
597 2186 663 2217 est.
723 2179 797 2218 Sed
820 2187 949 2218 tamen
971 2181 1101 2231 primis
1123 2181 1352 2231 temporibus
1375 2181 1439 2219 ali·

169 2243 350 2293 quamdiu
388 2243 568 2281 simulata
599 2244 697 2280 inter
729 2257 789 2281 eos
827 2244 994 2282 amicitia
1026 2244 1177 2282 mansit.
1235 2244 1439 2295 Quumque

170 2307 271 2344 Dion
289 2320 364 2344 non
382 2307 574 2344 desisteret
589 2306 780 2344 obsecrare
795 2308 1031 2358 Dionysium,
1048 2315 1091 2346 ut
1107 2309 1307 2346 Platonem
1321 2309 1438 2346 Athe-

168 2371 226 2408 nis
246 2377 444 2408 arcesseret
463 2377 500 2407 et
519 2371 598 2419 ejus
620 2371 780 2408 consiliis
798 2378 967 2409 uteretur
983 2385 990 2409 ε
1019 2372 1093 2416 ille,
1114 2372 1177 2421 qui
1196 2372 1236 2409 in
1255 2372 1382 2421 aliqua
1400 2385 1439 2408 re

169 2435 283 2472 vellet
301 2441 450 2484 patrem
468 2434 620 2478 imitari,
641 2448 784 2472 morem
806 2436 839 2473 ei
861 2436 983 2484 gessit.
1043 2439 1077 2472 2.
1109 2436 1327 2484 Eodemque
1346 2440 1438 2472 tem-

172 2511 256 2547 pore
294 2499 510 2541 Philistum,
545 2499 775 2543 historicum,
814 2500 1018 2549 Syracusas
1055 2499 1212 2542 reduxit,
1248 2499 1434 2536 hominem
