1575 2771
407 552 520 609 XV.
573 549 1186 609 EPAMINONDAS.

639 747 880 784 CAPUT
922 747 955 783 Ι.

222 823 254 856 1.
285 820 576 862 Eprius-oms,
593 819 769 868 Polymni
786 819 897 861 filius,
919 819 1135 855 Thebanus.
1191 817 1252 854 De
1270 817 1339 854 hoc
1357 816 1428 866 pri-

165 897 326 933 usquam
348 884 559 927 scribimus,
585 884 665 920 haec
687 882 934 932 praecipienda
955 881 1132 918 videntur
1153 879 1361 922 lector-ihm,
1381 892 1429 916 ne

165 948 304 984 alienos
330 960 451 984 mores
480 947 528 984 ad
555 960 638 983 suos
666 945 840 988 referant,
863 958 959 982 neve
987 958 1042 988 ea,
1066 957 1148 993 quae
1174 943 1263 993 ipsis
1290 943 1430 980 leviora

165 1017 261 1054 sunt,
281 1011 365 1060 pari
382 1011 490 1047 modo
510 1010 611 1059 apud
629 1016 767 1046 ceteros
786 1009 896 1046 fuisse
917 1008 1155 1045 arbitrentur.
1212 1010 1249 1044 2.
1282 1007 1429 1044 Scimus

164 1074 276 1117 enim,
301 1074 469 1110 musicen
495 1073 629 1110 nostris
655 1071 819 1109 moribus
848 1073 974 1109 abesse
998 1085 1021 1108 a
1045 1071 1222 1121 principis
1248 1082 1427 1120 persona;

165 1138 302 1175 saltare
316 1151 403 1174 vero
422 1137 541 1174 etiam
559 1137 599 1173 in
617 1136 719 1173 vitiis
733 1135 820 1185 poni
836 1148 842 1172 :
867 1148 948 1184 quae
967 1135 1094 1171 omnia
1113 1133 1213 1183 apud
1228 1134 1378 1171 Graecos
1391 1140 1430 1170 et

164 1208 284 1250 grata,
300 1207 338 1237 et
356 1199 468 1237 laude
487 1198 603 1249 digna
616 1200 817 1236 ducuntur.
874 1200 910 1234 3.
935 1198 1065 1243 Quum
1081 1204 1210 1234 autem
1224 1197 1429 1246 exprimere

164 1265 371 1313 imaginem
398 1263 675 1301 consuetudinis
703 1269 817 1312 atque
845 1262 933 1298 vitae
960 1261 1120 1299 velimus
1142 1258 1428 1310 Epaminondae,

163 1329 260 1366 11th]
281 1328 453 1365 videmur
470 1326 603 1364 debere
628 1326 924 1376 praetermittere,
945 1323 1044 1374 quod
1065 1324 1250 1375 pertineat
1273 1324 1322 1361 ad
1344 1336 1430 1360 earn

165 1389 442 1428 declarandam.
498 1394 535 1427 4.
565 1390 694 1435 Quare
717 1388 882 1426 dicemus
904 1388 1072 1437 primum
1099 1386 1144 1424 de
1166 1401 1300 1435 genere
1323 1388 1427 1435 ejus;

164 1454 306 1499 deinde,
327 1454 462 1504 quibus
489 1454 691 1504 disciplinis
713 1460 752 1490 et
774 1467 797 1490 a
819 1452 952 1502 quibus
980 1452 1028 1489 sit
1055 1451 1223 1489 eruditus
1241 1463 1248 1495 ;
1279 1457 1362 1487 tum
1384 1451 1429 1487 de

163 1517 328 1556 moribus
341 1518 553 1568 ingeniique
568 1517 825 1560 facultatibus,
840 1523 878 1553 et
892 1516 923 1552 si
938 1528 1014 1564 qua
1033 1515 1108 1551 alia
1123 1515 1235 1562 digna
1249 1513 1430 1550 memoria

165 1583 300 1623 erunt;
330 1584 521 1627 postremo
541 1577 587 1614 de
607 1577 721 1614 rebus
739 1576 865 1625 gestis,
890 1588 972 1624 quae
993 1588 1017 1612 a
1036 1573 1210 1624 plurimis
1232 1572 1351 1610 animi
1369 1585 1434 1610 an·

163 1645 394 1690 reponuntur
412 1641 627 1679 virtutibus.

620 1821 863 1858 CAPUT
909 1821 976 1858 II.

221 1900 254 1933 1.
283 1896 420 1933 NATUs
442 1896 559 1944 igitur
576 1903 696 1945 patre,
717 1910 788 1945 quo
812 1895 987 1939 diximus,
1005 1896 1157 1933 honesto
1175 1909 1320 1944 genere,
1341 1909 1430 1945 pau-

165 1973 230 2009 per
246 1960 329 2008 jam
353 1972 376 1996 a
397 1958 601 2007 majoribus
623 1959 797 2004 relictus;
828 1958 993 1996 eruditus
1017 1966 1146 1996 autem
1169 1959 1231 2002 sie,
1256 1966 1299 1996 ut
1321 1973 1431 1996 nemo

167 2021 374 2060 Thebanus
396 2023 528 2071 magis.
584 2023 691 2060 Nam
714 2030 751 2060 et
774 2023 1006 2066 citharizare,
1027 2029 1066 2060 et
1088 2029 1242 2059 eantare
1262 2021 1311 2059 ad
1329 2023 1431 2060 ehor-

165 2085 301 2124 darum
323 2100 456 2123 sonum
478 2085 607 2124 doctus
629 2094 685 2123 est
705 2100 728 2123 a
747 2087 935 2136 Dionysio,
957 2087 1020 2136 qui
1042 2100 1116 2123 non
1137 2086 1279 2123 minore
1302 2085 1373 2123 fuit
1390 2086 1431 2123 in

166 2150 317 2189 musicis
339 2150 467 2198 gloria,
488 2164 603 2199 quam
623 2150 775 2187 Damon
799 2158 867 2187 aut
886 2150 1087 2199 Lamprus,
1109 2163 1267 2198 quorum
1285 2150 1431 2199 pervul-

165 2220 257 2262 gata
275 2221 362 2250 sunt
383 2213 558 2258 nomiua;
590 2220 742 2250 cantare
765 2213 866 2250 tibiis
889 2212 936 2250 ab
957 2213 1230 2263 Olympiodoro,
1251 2214 1388 2250 saltare
1407 2226 1431 2250 a

166 2277 418 2326 Calliphrone.
476 2279 510 2312 2.
542 2277 597 2313 At
626 2277 867 2326 philosophiae
896 2283 1161 2326 praeceptorem
1190 2276 1326 2313 habuit
1354 2276 1430 2326 Ly-

164 2340 245 2383 sim,
260 2340 523 2383 Tarentinum,
541 2340 824 2389 Pythagoreum
841 2352 848 2377 :
873 2340 933 2377 cui
948 2340 1099 2389 quidem
1114 2340 1165 2377 sie
1184 2339 1256 2377 fuit
1270 2340 1427 2382 deditus,

165 2410 207 2440 ut
232 2403 441 2440 adolescens
463 2404 608 2440 tristem
631 2409 669 2440 et
691 2417 862 2440 severum
884 2417 1011 2440 senem
1032 2402 1203 2440 omnibus
1225 2401 1429 2452 aequalibus

165 2466 239 2503 suis
256 2466 296 2504 in
314 2466 574 2504 familiaritate
590 2467 852 2517 anteposuerit,
869 2480 987 2516 neque
1005 2467 1108 2517 prius
1126 2479 1214 2504 eum
1230 2479 1253 2503 a
1267 2479 1305 2502 se
1323 2465 1428 2502 dimi-
