1575 2771
169 189 205 231 4,
226 186 286 239 5.]
573 195 647 222 vn.
675 195 931 222 ALCIBIADES.
1375 185 1425 221 31

165 300 267 336 posse
295 285 567 333 intelligebant,
592 291 630 322 et
652 283 747 321 illud
769 290 918 333 tempus
946 280 1242 333 exspectandum
1264 281 1430 320 decreve—

164 356 263 394 runt,
293 363 365 399 quo
397 350 542 393 exisset,
571 356 615 386 ut
643 349 694 386 sic
729 348 924 386 absentem
953 345 1268 396 aggrederentur:
1303 347 1431 396 itaque

163 413 341 451 feceruut.
399 415 434 450 3.
466 413 573 450 Nam
606 419 804 462 postquam
834 412 873 449 in
905 412 1075 449 Siciliam
1104 424 1192 447 eum
1222 411 1431 460 pervenisse

162 475 408 521 credidenmt,
435 478 638 520 absentem,
663 474 759 525 quod
783 489 889 512 sacra
911 475 1096 518 violasset,
1120 487 1228 511 reum
1249 473 1429 510 fecerunt.

163 541 251 586 Qua
270 540 315 577 de
334 555 374 577 re
393 554 511 589 quum
531 540 564 577 ei
582 540 739 576 nuntius
760 553 782 576 a
801 539 1027 587 magistratu
1047 538 1087 574 in
1109 537 1278 574 Siciliam
1297 537 1431 573 missus

162 614 267 645 esset.
289 611 332 641 ut
360 603 516 640 domum
545 602 592 640 ad
619 616 775 639 eausam
802 600 1001 638 dicendam
1029 600 1176 644 rediret,
1198 606 1365 649 essetque
1393 600 1432 636 in

162 681 304 716 magna
330 681 393 717 spe
420 666 619 716 provincia}
642 665 736 703 bene
764 663 1093 709 administrandae;
1123 678 1198 701 non
1219 677 1349 713 parere
1371 677 1432 700 no-

161 731 242 774 luit,
266 737 305 768 et
327 730 366 767 in
388 730 592 773 triremem,
615 744 696 779 quae
721 728 768 766 ad
791 743 880 766 cum
903 727 1178 778 deportandum
1201 734 1283 764 erat
1305 727 1430 770 missa,

161 793 339 831 ascendit.
395 797 432 831 4.
463 795 551 831 Hac
574 794 738 830 Thurios
760 793 799 830 in
822 793 979 829 Italiam
1002 798 1211 841 pervectus,
1232 791 1358 827 multa
1381 804 1432 827 se-

160 872 245 895 cum
267 865 447 908 reputans
465 857 511 895 de
530 856 780 894 immoderata
799 857 941 893 civium
961 869 1114 892 suorum
1133 855 1287 891 licentia
1305 852 1432 891 erude-

162 922 341 971 litateque
363 935 455 970 erga
475 920 627 963 nobiles,
649 920 892 957 utilissimum
916 926 1032 961 ratus,
1054 916 1336 969 impendentem
1359 917 1432 953 evi-

163 992 242 1022 tare
270 991 548 1033 tempestatem,
573 984 673 1020 elam
701 997 738 1019 se
768 996 791 1018 a
818 980 1033 1018 custodibus
1060 979 1250 1023 subduxit,
1280 987 1318 1017 et
1346 979 1432 1016 inde

161 1049 328 1098 primum
347 1046 511 1090 Elidem,
530 1045 662 1083 deinde
678 1045 832 1082 Thebas
851 1045 967 1081 venit.
1017 1046 1053 1081 5.
1075 1044 1282 1092 Postquam
1302 1050 1433 1080 autem

160 1125 198 1150 se
226 1111 360 1161 capitis
388 1109 626 1152 damnatum,
649 1108 755 1146 bonis
782 1108 995 1158 publicatiS,
1021 1106 1179 1151 audivit,
1201 1113 1250 1150 et,
1274 1105 1313 1144 id
1336 1105 1433 1156 quod

162 1189 230 1213 usu
249 1181 417 1219 venerat,
439 1172 688 1223 Eumolpidas
710 1171 920 1210 sacerdotes
944 1186 967 1208 a
988 1172 1124 1221 populo
1147 1176 1304 1214 coactos,
1326 1177 1371 1207 ut
1394 1184 1432 1207 se

159 1238 397 1283 devoverent,
420 1239 572 1287 ejusque
594 1236 810 1280 devotionis,
832 1250 903 1285 quo
926 1235 1098 1273 testatior
1120 1241 1216 1272 esset
1238 1233 1430 1278 memoria,

160 1305 387 1353 exemplum,
408 1303 448 1339 in
470 1303 548 1352 pila
569 1300 720 1351 lapidea
741 1301 911 1343 incisum,
934 1314 1011 1336 esse
1030 1299 1194 1349 positum
1212 1298 1252 1335 in
1270 1297 1430 1347 publico,

160 1367 476 1405 Lacedaemonem
499 1365 737 1414 demigravit.
795 1367 830 1401 (3.
861 1364 932 1408 Ibi,
957 1370 1001 1400 ut
1025 1363 1101 1412 ipse
1124 1361 1326 1412 praedicare
1349 1375 1432 1398 con-

160 1438 346 1475 sueverat,
375 1445 450 1468 non
479 1429 657 1467 adversus
684 1428 860 1479 patriam,
890 1426 954 1465 sed
981 1427 1149 1464 inimicos
1179 1439 1262 1463 suos
1288 1424 1431 1462 bellum

159 1495 284 1544 gessit,
305 1493 404 1544 quod
422 1493 537 1531 iidem
555 1495 681 1530 hostes
704 1499 826 1530 essent
846 1491 1004 1529 civitati.
1062 1491 1169 1527 Nam
1189 1503 1307 1539 quum
1325 1489 1432 1525 intel*-

160 1560 329 1607 ligerent,
354 1572 392 1595 se
419 1558 627 1607 plurimum
654 1555 824 1606 prodesse
851 1569 954 1605 posse
977 1553 1201 1603 reipublieae,
1226 1565 1274 1590 ex
1295 1566 1340 1589 ea
1362 1552 1432 1600 ejc-

161 1623 262 1666 cisse,
292 1623 447 1671 plusque
480 1621 543 1657 irre
577 1634 662 1662 suae,
692 1633 807 1668 quam
839 1618 999 1655 utilitati
1032 1616 1223 1654 communi
1251 1615 1428 1665 paruisse.

162 1687 197 1723 7.
229 1686 366 1734 Itaque
388 1685 501 1733 hujus
523 1684 672 1720 consilio
695 1681 976 1719 Lacedaemonii
1004 1694 1092 1717 cum
1114 1681 1317 1716 Persarum
1344 1691 1431 1726 rege

161 1749 370 1786 amicitiam
389 1748 558 1785 fecerunt
574 1759 582 1792 3
613 1744 745 1783 deinde
766 1746 970 1782 Deceleam
988 1744 1029 1780 in
1047 1743 1182 1780 Attica
1199 1742 1429 1785 munierunt,

158 1811 399 1863 praesidioque
422 1811 474 1848 ibi
496 1816 674 1860 perpetuo
697 1809 815 1858 posito
838 1808 878 1845 in
901 1806 1086 1844 obsidione
1106 1807 1279 1843 Athenas
1302 1811 1430 1842 tenue-

159 1883 259 1914 runt.
316 1873 501 1924 Ejusdem
523 1887 635 1923 opera
655 1873 804 1910 Ioniam
830 1886 853 1909 a
872 1871 1048 1909 societate
1073 1875 1293 1907 averterunt
1312 1869 1430 1906 Athe-

160 1939 341 1978 „iem-“um
413 1938 497 1984 Quo
517 1937 616 1975 facto
639 1937 761 1974 multo
784 1935 988 1985 superiores
1006 1934 1103 1972 bello
1127 1947 1204 1971 esse
1223 1938 1427 1983 eoeperunt.

627 2119 871 2158 CAPUT
908 2118 956 2156 V.

215 2201 249 2235 1.
278 2197 422 2240 NEQUE
441 2209 530 2233 vero
555 2195 614 2232 his
639 2194 750 2232 rebus
773 2200 855 2231 tam
876 2193 988 2230 arniei
1007 2190 1198 2230 Alcibiadi
1217 2196 1305 2228 sunt
1323 2188 1426 2233 faeti,

159 2258 274 2310 fluam
293 2260 426 2297 timore
446 2259 494 2296 ab
513 2273 554 2296 eo
576 2259 741 2295 alienati.
793 2258 901 2294 Nam
920 2269 1040 2305 quum
1059 2254 1231 2292 acerrimi
1249 2253 1320 2290 viri
1339 2265 1428 2302 prae-

159 2331 326 2363 stantem
353 2323 595 2373 prudentiam
622 2323 662 2358 in
688 2320 861 2358 omnibus
888 2321 998 2357 rebus
1026 2323 1297 2367 cognoscerent,
1318 2315 1427 2365 perti—

157 2394 347 2431 muerunt,
371 2401 419 2424 ne
447 2386 607 2423 caritate
634 2385 765 2434 patriae
792 2383 928 2420 ductus
956 2381 1155 2431 aliquando
1184 2381 1232 2417 ab
1258 2380 1346 2429 ipsis
1368 2378 1427 2417 de—

157 2453 339 2496 scisceret,
367 2457 405 2490 ct
433 2463 522 2489 cum
550 2449 624 2487 suis
651 2449 691 2486 in
717 2448 882 2497 gratiam
909 2444 1057 2484 rediret.
1114 2445 1250 2494 ltaque
1277 2450 1428 2494 tempus
