<?xml version="1.0" encoding="UTF-8"?>
<!DOCTYPE html PUBLIC "-//W3C//DTD XHTML 1.0 Transitional//EN"
    "http://www.w3.org/TR/xhtml1/DTD/xhtml1-transitional.dtd">
<html xmlns="http://www.w3.org/1999/xhtml" xml:lang="en" lang="en">
 <head>
  <title>
</title>
<meta http-equiv="Content-Type" content="text/html;charset=utf-8" />
  <meta name='ocr-system' content='tesseract 3.04.00' />
  <meta name='ocr-capabilities' content='ocr_page ocr_carea ocr_par ocr_line ocrx_word'/>
</head>
<body>
  <div class='ocr_page' id='page_1' title='image "./corneliusnepo00nepouoft_0134.png"; bbox 0 0 1575 2771; ppageno 0'>
   <div class='ocr_carea' id='block_1_1' title="bbox 281 526 1292 608">
    <p class='ocr_par' dir='ltr' id='par_1_1' title="bbox 281 526 1292 608">
     <span class='ocr_line' id='line_1_1' title="bbox 281 526 1292 608; baseline 0 -22"><span class='ocrx_word' id='word_1_1' title='bbox 281 529 477 587; x_wconf 89' lang='lat' dir='ltr'>XXIV.</span> <span class='ocrx_word' id='word_1_2' title='bbox 550 529 615 585; x_wconf 90' lang='lat' dir='ltr'>M.</span> <span class='ocrx_word' id='word_1_3' title='bbox 666 527 1013 608; x_wconf 77' lang='lat' dir='ltr'>PORCIUS</span> <span class='ocrx_word' id='word_1_4' title='bbox 1074 526 1292 586; x_wconf 73' lang='lat' dir='ltr'><strong>CATO.</strong></span> 
     </span>
    </p>
   </div>
   <div class='ocr_carea' id='block_1_2' title="bbox 150 624 1399 688">
    <p class='ocr_par' dir='ltr' id='par_1_2' title="bbox 150 624 1399 688">
     <span class='ocr_line' id='line_1_2' title="bbox 150 624 1399 688; baseline -0.001 -1"><span class='ocrx_word' id='word_1_5' title='bbox 150 650 225 688; x_wconf 89' lang='lat' dir='ltr'>EX</span> <span class='ocrx_word' id='word_1_6' title='bbox 255 650 431 686; x_wconf 83' lang='lat' dir='ltr'>LIBRO</span> <span class='ocrx_word' id='word_1_7' title='bbox 459 624 821 686; x_wconf 77' lang='lat' dir='ltr'>POSTER10RE</span> <span class='ocrx_word' id='word_1_8' title='bbox 850 647 1129 685; x_wconf 80' lang='lat' dir='ltr'>CORNELII</span> <span class='ocrx_word' id='word_1_9' title='bbox 1157 647 1399 686; x_wconf 88' lang='lat' dir='ltr'>NEPOTIS</span> 
     </span>
    </p>
   </div>
   <div class='ocr_carea' id='block_1_3' title="bbox 631 829 931 866">
    <p class='ocr_par' dir='ltr' id='par_1_3' title="bbox 631 829 931 866">
     <span class='ocr_line' id='line_1_3' title="bbox 631 829 931 866; baseline -0.003 0"><span class='ocrx_word' id='word_1_10' title='bbox 631 829 861 866; x_wconf 89' lang='lat' dir='ltr'><strong>CAPUT</strong></span> <span class='ocrx_word' id='word_1_11' title='bbox 899 829 931 866; x_wconf 89' lang='lat'>1.</span> 
     </span>
    </p>
   </div>
   <div class='ocr_carea' id='block_1_4' title="bbox 145 899 1414 1331">
    <p class='ocr_par' dir='ltr' id='par_1_4' title="bbox 145 899 1414 1331">
     <span class='ocr_line' id='line_1_4' title="bbox 203 899 1414 953; baseline -0.003 -12"><span class='ocrx_word' id='word_1_12' title='bbox 203 907 235 941; x_wconf 93' lang='lat'>1.</span> <span class='ocrx_word' id='word_1_13' title='bbox 265 904 384 949; x_wconf 78' lang='lat' dir='ltr'>CATO,</span> <span class='ocrx_word' id='word_1_14' title='bbox 409 910 511 941; x_wconf 90' lang='lat' dir='ltr'>ortus</span> <span class='ocrx_word' id='word_1_15' title='bbox 535 904 739 953; x_wconf 85' lang='lat' dir='ltr'>municipio</span> <span class='ocrx_word' id='word_1_16' title='bbox 767 904 943 947; x_wconf 88' lang='lat' dir='ltr'>Tusculo,</span> <span class='ocrx_word' id='word_1_17' title='bbox 970 899 1275 945; x_wconf 86' lang='lat' dir='ltr'>adolescentulus,</span> <span class='ocrx_word' id='word_1_18' title='bbox 1300 900 1414 950; x_wconf 87' lang='lat' dir='ltr'>prius-</span> 
     </span>
     <span class='ocr_line' id='line_1_5' title="bbox 146 962 1414 1017; baseline -0.002 -13"><span class='ocrx_word' id='word_1_19' title='bbox 146 981 261 1016; x_wconf 85' lang='lat' dir='ltr'><strong>quam</strong></span> <span class='ocrx_word' id='word_1_20' title='bbox 281 967 481 1005; x_wconf 84' lang='lat' dir='ltr'>honoribus</span> <span class='ocrx_word' id='word_1_21' title='bbox 500 981 652 1017; x_wconf 81' lang='lat' dir='ltr'>operam</span> <span class='ocrx_word' id='word_1_22' title='bbox 671 966 787 1011; x_wconf 87' lang='lat' dir='ltr'>daret,</span> <span class='ocrx_word' id='word_1_23' title='bbox 809 972 981 1004; x_wconf 85' lang='lat' dir='ltr'>versatus</span> <span class='ocrx_word' id='word_1_24' title='bbox 1000 972 1055 1003; x_wconf 90' lang='lat' dir='ltr'>est</span> <span class='ocrx_word' id='word_1_25' title='bbox 1075 966 1115 1003; x_wconf 88' lang='lat' dir='ltr'>in</span> <span class='ocrx_word' id='word_1_26' title='bbox 1136 965 1295 1009; x_wconf 79' lang='lat' dir='ltr'>Sabinis,</span> <span class='ocrx_word' id='word_1_27' title='bbox 1317 962 1414 1014; x_wconf 86' lang='lat' dir='ltr'>quod</span> 
     </span>
     <span class='ocr_line' id='line_1_6' title="bbox 146 1028 1414 1080; baseline -0.002 -13"><span class='ocrx_word' id='word_1_28' title='bbox 146 1030 199 1067; x_wconf 91' lang='lat' dir='ltr'>ibi</span> <span class='ocrx_word' id='word_1_29' title='bbox 214 1031 408 1067; x_wconf 90' lang='lat' dir='ltr'>heredium</span> <span class='ocrx_word' id='word_1_30' title='bbox 428 1044 450 1067; x_wconf 88' lang='lat' dir='ltr'>a</span> <span class='ocrx_word' id='word_1_31' title='bbox 468 1037 576 1080; x_wconf 84' lang='lat' dir='ltr'>patre</span> <span class='ocrx_word' id='word_1_32' title='bbox 596 1031 771 1067; x_wconf 86' lang='lat' dir='ltr'>relietum</span> <span class='ocrx_word' id='word_1_33' title='bbox 790 1029 967 1067; x_wconf 86' lang='lat' dir='ltr'>habebat.</span> <span class='ocrx_word' id='word_1_34' title='bbox 1024 1030 1194 1066; x_wconf 86' lang='lat' dir='ltr'>Hortatu</span> <span class='ocrx_word' id='word_1_35' title='bbox 1209 1029 1257 1066; x_wconf 93' lang='lat' dir='ltr'>L.</span> <span class='ocrx_word' id='word_1_36' title='bbox 1272 1028 1414 1065; x_wconf 84' lang='lat' dir='ltr'>Valerii</span> 
     </span>
     <span class='ocr_line' id='line_1_7' title="bbox 146 1092 1411 1143; baseline -0.002 -12"><span class='ocrx_word' id='word_1_37' title='bbox 146 1093 287 1138; x_wconf 83' lang='lat' dir='ltr'>Flacci,</span> <span class='ocrx_word' id='word_1_38' title='bbox 303 1108 414 1143; x_wconf 89' lang='lat' dir='ltr'>quem</span> <span class='ocrx_word' id='word_1_39' title='bbox 429 1094 468 1131; x_wconf 87' lang='lat' dir='ltr'>in</span> <span class='ocrx_word' id='word_1_40' title='bbox 483 1095 679 1131; x_wconf 78' lang='lat' dir='ltr'>consulatu</span> <span class='ocrx_word' id='word_1_41' title='bbox 695 1107 922 1142; x_wconf 88' lang='lat' dir='ltr'>censuraque</span> <span class='ocrx_word' id='word_1_42' title='bbox 938 1093 1072 1129; x_wconf 79' lang='lat' dir='ltr'>habuit</span> <span class='ocrx_word' id='word_1_43' title='bbox 1087 1093 1278 1140; x_wconf 80' lang='lat' dir='ltr'>collegam,</span> <span class='ocrx_word' id='word_1_44' title='bbox 1293 1098 1337 1128; x_wconf 85' lang='lat' dir='ltr'>ut</span> <span class='ocrx_word' id='word_1_45' title='bbox 1354 1092 1411 1128; x_wconf 89' lang='lat' dir='ltr'>M.</span> 
     </span>
     <span class='ocr_line' id='line_1_8' title="bbox 146 1153 1412 1204; baseline -0.002 -12"><span class='ocrx_word' id='word_1_46' title='bbox 146 1155 335 1204; x_wconf 82' lang='lat' dir='ltr'>Perperna</span> <span class='ocrx_word' id='word_1_47' title='bbox 355 1156 554 1192; x_wconf 87' lang='lat' dir='ltr'>Censorius</span> <span class='ocrx_word' id='word_1_48' title='bbox 572 1169 725 1192; x_wconf 86' lang='lat' dir='ltr'>narrare</span> <span class='ocrx_word' id='word_1_49' title='bbox 748 1156 876 1192; x_wconf 88' lang='lat' dir='ltr'>solitus</span> <span class='ocrx_word' id='word_1_50' title='bbox 899 1162 964 1198; x_wconf 86' lang='lat' dir='ltr'>est,</span> <span class='ocrx_word' id='word_1_51' title='bbox 987 1155 1156 1191; x_wconf 81' lang='lat' dir='ltr'>Romam</span> <span class='ocrx_word' id='word_1_52' title='bbox 1175 1153 1412 1202; x_wconf 84' lang='lat' dir='ltr'>demigravit,</span> 
     </span>
     <span class='ocr_line' id='line_1_9' title="bbox 145 1217 1413 1268; baseline -0.002 -13"><span class='ocrx_word' id='word_1_53' title='bbox 145 1218 185 1255; x_wconf 90' lang='lat' dir='ltr'>in</span> <span class='ocrx_word' id='word_1_54' title='bbox 204 1218 351 1267; x_wconf 81' lang='lat' dir='ltr'>foroque</span> <span class='ocrx_word' id='word_1_55' title='bbox 371 1233 447 1256; x_wconf 90' lang='lat' dir='ltr'>esse</span> <span class='ocrx_word' id='word_1_56' title='bbox 467 1219 588 1268; x_wconf 81' lang='lat' dir='ltr'>coepit.</span> <span class='ocrx_word' id='word_1_57' title='bbox 647 1221 681 1255; x_wconf 76' lang='lat'>2.</span> <span class='ocrx_word' id='word_1_58' title='bbox 704 1219 879 1255; x_wconf 86' lang='lat' dir='ltr'>Primum</span> <span class='ocrx_word' id='word_1_59' title='bbox 899 1218 1127 1267; x_wconf 79' lang='lat' dir='ltr'>stipendium</span> <span class='ocrx_word' id='word_1_60' title='bbox 1146 1217 1284 1254; x_wconf 88' lang='lat' dir='ltr'>meruit</span> <span class='ocrx_word' id='word_1_61' title='bbox 1303 1230 1413 1253; x_wconf 84' lang='lat' dir='ltr'>anno-</span> 
     </span>
     <span class='ocr_line' id='line_1_10' title="bbox 145 1279 1411 1331; baseline -0.002 -12"><span class='ocrx_word' id='word_1_62' title='bbox 145 1295 231 1318; x_wconf 81' lang='lat' dir='ltr'>rum</span> <span class='ocrx_word' id='word_1_63' title='bbox 258 1283 387 1319; x_wconf 88' lang='lat' dir='ltr'>decem</span> <span class='ocrx_word' id='word_1_64' title='bbox 415 1288 640 1331; x_wconf 81' lang='lat' dir='ltr'>septemque,</span> <span class='ocrx_word' id='word_1_65' title='bbox 671 1281 718 1327; x_wconf 80' lang='lat' dir='ltr'>Q.</span> <span class='ocrx_word' id='word_1_66' title='bbox 741 1281 871 1325; x_wconf 88' lang='lat' dir='ltr'>Fabio,</span> <span class='ocrx_word' id='word_1_67' title='bbox 902 1281 960 1318; x_wconf 86' lang='lat' dir='ltr'>M.</span> <span class='ocrx_word' id='word_1_68' title='bbox 987 1281 1157 1325; x_wconf 88' lang='lat' dir='ltr'>Claudio,</span> <span class='ocrx_word' id='word_1_69' title='bbox 1188 1279 1411 1317; x_wconf 87' lang='lat' dir='ltr'>consulibus.</span> 
     </span>
    </p>
   </div>
   <div class='ocr_carea' id='block_1_5' title="bbox 146 1343 1411 1452">
    <p class='ocr_par' dir='ltr' id='par_1_5' title="bbox 146 1343 1411 1452">
     <span class='ocr_line' id='line_1_11' title="bbox 146 1343 1411 1388; baseline -0.002 -6"><span class='ocrx_word' id='word_1_70' title='bbox 146 1344 340 1382; x_wconf 85' lang='lat' dir='ltr'>Tribunus</span> <span class='ocrx_word' id='word_1_71' title='bbox 359 1346 526 1382; x_wconf 83' lang='lat' dir='ltr'>militum</span> <span class='ocrx_word' id='word_1_72' title='bbox 548 1346 588 1382; x_wconf 93' lang='lat' dir='ltr'>in</span> <span class='ocrx_word' id='word_1_73' title='bbox 608 1345 738 1383; x_wconf 82' lang='lat' dir='ltr'>Sicilia</span> <span class='ocrx_word' id='word_1_74' title='bbox 757 1345 839 1382; x_wconf 85' lang='lat' dir='ltr'>suit.</span> <span class='ocrx_word' id='word_1_75' title='bbox 897 1345 991 1381; x_wconf 88' lang='lat' dir='ltr'>Inde</span> <span class='ocrx_word' id='word_1_76' title='bbox 1013 1351 1056 1381; x_wconf 89' lang='lat' dir='ltr'>ut</span> <span class='ocrx_word' id='word_1_77' title='bbox 1079 1343 1197 1388; x_wconf 85' lang='lat' dir='ltr'>rediit,</span> <span class='ocrx_word' id='word_1_78' title='bbox 1219 1350 1343 1381; x_wconf 83' lang='lat' dir='ltr'>eastra</span> <span class='ocrx_word' id='word_1_79' title='bbox 1362 1356 1411 1380; x_wconf 89' lang='lat' dir='ltr'>se-</span> 
     </span>
     <span class='ocr_line' id='line_1_12' title="bbox 147 1403 1406 1452; baseline 0.003 -15"><span class='ocrx_word' id='word_1_80' title='bbox 147 1406 258 1438; x_wconf 83' lang='lat' dir='ltr'>cutus</span> <span class='ocrx_word' id='word_1_81' title='bbox 271 1408 328 1439; x_wconf 88' lang='lat' dir='ltr'>est</span> <span class='ocrx_word' id='word_1_82' title='bbox 342 1403 384 1440; x_wconf 82' lang='lat' dir='ltr'>C.</span> <span class='ocrx_word' id='word_1_83' title='bbox 403 1404 555 1441; x_wconf 84' lang='lat' dir='ltr'>Claudii</span> <span class='ocrx_word' id='word_1_84' title='bbox 568 1404 742 1447; x_wconf 85' lang='lat' dir='ltr'>Neronis,</span> <span class='ocrx_word' id='word_1_85' title='bbox 757 1404 958 1452; x_wconf 82' lang='lat' dir='ltr'>magnique</span> <span class='ocrx_word' id='word_1_86' title='bbox 972 1417 1085 1452; x_wconf 87' lang='lat' dir='ltr'>opera</span> <span class='ocrx_word' id='word_1_87' title='bbox 1100 1405 1180 1451; x_wconf 85' lang='lat' dir='ltr'>ejus</span> <span class='ocrx_word' id='word_1_88' title='bbox 1193 1404 1406 1441; x_wconf 81' lang='lat' dir='ltr'>existimata</span> 
     </span>
    </p>
   </div>
   <div class='ocr_carea' id='block_1_6' title="bbox 144 1465 1408 1580">
    <p class='ocr_par' dir='ltr' id='par_1_6' title="bbox 144 1465 1408 1580">
     <span class='ocr_line' id='line_1_13' title="bbox 146 1465 1408 1516; baseline 0.002 -15"><span class='ocrx_word' id='word_1_89' title='bbox 146 1470 202 1502; x_wconf 88' lang='lat' dir='ltr'>est</span> <span class='ocrx_word' id='word_1_90' title='bbox 217 1465 257 1502; x_wconf 89' lang='lat' dir='ltr'>in</span> <span class='ocrx_word' id='word_1_91' title='bbox 273 1467 401 1515; x_wconf 87' lang='lat' dir='ltr'>proelio</span> <span class='ocrx_word' id='word_1_92' title='bbox 415 1468 513 1516; x_wconf 86' lang='lat' dir='ltr'>apud</span> <span class='ocrx_word' id='word_1_93' title='bbox 531 1467 682 1510; x_wconf 83' lang='lat' dir='ltr'>Senam,</span> <span class='ocrx_word' id='word_1_94' title='bbox 698 1481 769 1516; x_wconf 91' lang='lat' dir='ltr'>quo</span> <span class='ocrx_word' id='word_1_95' title='bbox 783 1467 918 1503; x_wconf 85' lang='lat' dir='ltr'>cecidit</span> <span class='ocrx_word' id='word_1_96' title='bbox 935 1467 1162 1510; x_wconf 83' lang='lat' dir='ltr'>Hasdrubal,</span> <span class='ocrx_word' id='word_1_97' title='bbox 1178 1467 1295 1504; x_wconf 82' lang='lat' dir='ltr'>frater</span> <span class='ocrx_word' id='word_1_98' title='bbox 1309 1468 1408 1505; x_wconf 89' lang='lat' dir='ltr'>Han-</span> 
     </span>
     <span class='ocr_line' id='line_1_14' title="bbox 144 1528 1407 1580; baseline 0.002 -14"><span class='ocrx_word' id='word_1_99' title='bbox 144 1528 294 1566; x_wconf 82' lang='lat' dir='ltr'>nibalis.</span> <span class='ocrx_word' id='word_1_100' title='bbox 336 1533 371 1567; x_wconf 84' lang='lat'>3.</span> <span class='ocrx_word' id='word_1_101' title='bbox 386 1531 561 1571; x_wconf 68' lang='lat' dir='ltr'>Quaestor</span> <span class='ocrx_word' id='word_1_102' title='bbox 574 1531 709 1579; x_wconf 83' lang='lat' dir='ltr'>obtigit</span> <span class='ocrx_word' id='word_1_103' title='bbox 723 1532 762 1568; x_wconf 85' lang='lat' dir='ltr'>P.</span> <span class='ocrx_word' id='word_1_104' title='bbox 778 1531 967 1574; x_wconf 81' lang='lat' dir='ltr'>Africano,</span> <span class='ocrx_word' id='word_1_105' title='bbox 981 1531 1137 1574; x_wconf 90' lang='lat' dir='ltr'>consuli,</span> <span class='ocrx_word' id='word_1_106' title='bbox 1149 1544 1236 1568; x_wconf 90' lang='lat' dir='ltr'>cum</span> <span class='ocrx_word' id='word_1_107' title='bbox 1250 1545 1322 1580; x_wconf 91' lang='lat' dir='ltr'>quo</span> <span class='ocrx_word' id='word_1_108' title='bbox 1334 1545 1407 1569; x_wconf 90' lang='lat' dir='ltr'>non</span> 
     </span>
    </p>
   </div>
   <div class='ocr_carea' id='block_1_7' title="bbox 143 1594 1410 1702">
    <p class='ocr_par' dir='ltr' id='par_1_7' title="bbox 143 1594 1410 1702">
     <span class='ocr_line' id='line_1_15' title="bbox 143 1594 1409 1644; baseline 0.002 -14"><span class='ocrx_word' id='word_1_109' title='bbox 143 1606 210 1640; x_wconf 88' lang='lat' dir='ltr'>pro</span> <span class='ocrx_word' id='word_1_110' title='bbox 231 1594 336 1630; x_wconf 88' lang='lat' dir='ltr'>sortis</span> <span class='ocrx_word' id='word_1_111' title='bbox 358 1595 632 1632; x_wconf 85' lang='lat' dir='ltr'>necessitudine</span> <span class='ocrx_word' id='word_1_112' title='bbox 652 1595 772 1639; x_wconf 77' lang='lat' dir='ltr'>vixit;</span> <span class='ocrx_word' id='word_1_113' title='bbox 804 1608 972 1644; x_wconf 87' lang='lat' dir='ltr'>namque</span> <span class='ocrx_word' id='word_1_114' title='bbox 997 1595 1045 1632; x_wconf 82' lang='lat' dir='ltr'>ab</span> <span class='ocrx_word' id='word_1_115' title='bbox 1066 1609 1109 1631; x_wconf 91' lang='lat' dir='ltr'>eo</span> <span class='ocrx_word' id='word_1_116' title='bbox 1133 1601 1317 1644; x_wconf 85' lang='lat' dir='ltr'>perpetua</span> <span class='ocrx_word' id='word_1_117' title='bbox 1338 1595 1409 1632; x_wconf 83' lang='lat' dir='ltr'>dis-</span> 
     </span>
     <span class='ocr_line' id='line_1_16' title="bbox 143 1651 1410 1702; baseline 0.001 -13"><span class='ocrx_word' id='word_1_118' title='bbox 143 1653 256 1689; x_wconf 85' lang='lat' dir='ltr'>sensit</span> <span class='ocrx_word' id='word_1_119' title='bbox 268 1653 361 1689; x_wconf 87' lang='lat' dir='ltr'>vita.</span> <span class='ocrx_word' id='word_1_120' title='bbox 405 1651 546 1690; x_wconf 76' lang='lat' dir='ltr'>AEdjlis</span> <span class='ocrx_word' id='word_1_121' title='bbox 557 1652 674 1702; x_wconf 90' lang='lat' dir='ltr'>plebis</span> <span class='ocrx_word' id='word_1_122' title='bbox 690 1653 812 1690; x_wconf 83' lang='lat' dir='ltr'>factus</span> <span class='ocrx_word' id='word_1_123' title='bbox 826 1660 882 1690; x_wconf 89' lang='lat' dir='ltr'>est</span> <span class='ocrx_word' id='word_1_124' title='bbox 897 1667 985 1690; x_wconf 89' lang='lat' dir='ltr'>cum</span> <span class='ocrx_word' id='word_1_125' title='bbox 1002 1653 1046 1691; x_wconf 89' lang='lat' dir='ltr'>C.</span> <span class='ocrx_word' id='word_1_126' title='bbox 1061 1653 1210 1691; x_wconf 75' lang='lat' dir='ltr'>Helvio.</span> <span class='ocrx_word' id='word_1_127' title='bbox 1255 1656 1292 1690; x_wconf 90' lang='grc'>4.</span> <span class='ocrx_word' id='word_1_128' title='bbox 1313 1654 1410 1691; x_wconf 81' lang='lat' dir='ltr'>Prae-</span> 
     </span>
    </p>
   </div>
   <div class='ocr_carea' id='block_1_8' title="bbox 142 1716 1409 1956">
    <p class='ocr_par' dir='ltr' id='par_1_8' title="bbox 142 1716 1409 1956">
     <span class='ocr_line' id='line_1_17' title="bbox 143 1716 1409 1766; baseline 0.001 -13"><span class='ocrx_word' id='word_1_129' title='bbox 143 1723 200 1753; x_wconf 89' lang='lat' dir='ltr'>tor</span> <span class='ocrx_word' id='word_1_130' title='bbox 218 1717 450 1766; x_wconf 85' lang='lat' dir='ltr'>provinciam</span> <span class='ocrx_word' id='word_1_131' title='bbox 470 1716 633 1754; x_wconf 84' lang='lat' dir='ltr'>obtinuit</span> <span class='ocrx_word' id='word_1_132' title='bbox 654 1716 879 1761; x_wconf 83' lang='lat' dir='ltr'>Sardiniam,</span> <span class='ocrx_word' id='word_1_133' title='bbox 897 1731 944 1754; x_wconf 81' lang='lat' dir='ltr'>ex</span> <span class='ocrx_word' id='word_1_134' title='bbox 962 1731 1037 1766; x_wconf 81' lang='lat' dir='ltr'>qua</span> <span class='ocrx_word' id='word_1_135' title='bbox 1052 1723 1211 1766; x_wconf 81' lang='lat' dir='ltr'>quaestor</span> <span class='ocrx_word' id='word_1_136' title='bbox 1226 1717 1409 1766; x_wconf 86' lang='lat' dir='ltr'>superiore</span> 
     </span>
     <span class='ocr_line' id='line_1_18' title="bbox 143 1779 1403 1830; baseline 0 -13"><span class='ocrx_word' id='word_1_137' title='bbox 143 1786 308 1829; x_wconf 87' lang='lat' dir='ltr'>tempore</span> <span class='ocrx_word' id='word_1_138' title='bbox 328 1794 375 1817; x_wconf 81' lang='lat' dir='ltr'>ex</span> <span class='ocrx_word' id='word_1_139' title='bbox 393 1780 525 1817; x_wconf 84' lang='lat' dir='ltr'>Africa</span> <span class='ocrx_word' id='word_1_140' title='bbox 548 1779 726 1817; x_wconf 84' lang='lat' dir='ltr'>decedens</span> <span class='ocrx_word' id='word_1_141' title='bbox 746 1780 793 1826; x_wconf 85' lang='lat' dir='ltr'>Q.</span> <span class='ocrx_word' id='word_1_142' title='bbox 812 1781 984 1817; x_wconf 86' lang='lat' dir='ltr'>Ennium</span> <span class='ocrx_word' id='word_1_143' title='bbox 1007 1785 1160 1830; x_wconf 73' lang='lat' dir='ltr'>poetam</span> <span class='ocrx_word' id='word_1_144' title='bbox 1179 1780 1403 1818; x_wconf 79' lang='lat' dir='ltr'>deduxerat:</span> 
     </span>
     <span class='ocr_line' id='line_1_19' title="bbox 142 1844 1408 1894; baseline 0.001 -14"><span class='ocrx_word' id='word_1_145' title='bbox 142 1844 240 1892; x_wconf 86' lang='lat' dir='ltr'>quod</span> <span class='ocrx_word' id='word_1_146' title='bbox 266 1857 341 1880; x_wconf 89' lang='lat' dir='ltr'>non</span> <span class='ocrx_word' id='word_1_147' title='bbox 367 1844 519 1880; x_wconf 88' lang='lat' dir='ltr'>minoris</span> <span class='ocrx_word' id='word_1_148' title='bbox 547 1844 818 1887; x_wconf 79' lang='lat' dir='ltr'>existimamus,</span> <span class='ocrx_word' id='word_1_149' title='bbox 849 1857 965 1893; x_wconf 87' lang='lat' dir='ltr'>quam</span> <span class='ocrx_word' id='word_1_150' title='bbox 997 1845 1202 1893; x_wconf 89' lang='lat' dir='ltr'>quemlibet</span> <span class='ocrx_word' id='word_1_151' title='bbox 1230 1844 1408 1894; x_wconf 86' lang='lat' dir='ltr'>amplissi-</span> 
     </span>
     <span class='ocr_line' id='line_1_20' title="bbox 142 1905 817 1956; baseline 0.001 -14"><span class='ocrx_word' id='word_1_152' title='bbox 142 1920 250 1942; x_wconf 86' lang='lat' dir='ltr'>mum</span> <span class='ocrx_word' id='word_1_153' title='bbox 272 1905 549 1943; x_wconf 78' lang='lat' dir='ltr'>Sardiniensem</span> <span class='ocrx_word' id='word_1_154' title='bbox 568 1907 817 1956; x_wconf 87' lang='lat' dir='ltr'>triumphum.</span> 
     </span>
    </p>
   </div>
   <div class='ocr_carea' id='block_1_9' title="bbox 695 2013 848 2018">
    <p class='ocr_par' dir='ltr' id='par_1_9' title="bbox 695 2013 848 2018">
     <span class='ocr_line' id='line_1_21' title="bbox 695 2013 848 2018; baseline 0 0"><span class='ocrx_word' id='word_1_155' title='bbox 695 2013 848 2018; x_wconf 95' lang='lat' dir='ltr'> </span> 
     </span>
    </p>
   </div>
   <div class='ocr_carea' id='block_1_10' title="bbox 601 2088 946 2126">
    <p class='ocr_par' dir='ltr' id='par_1_10' title="bbox 601 2088 946 2126">
     <span class='ocr_line' id='line_1_22' title="bbox 601 2088 946 2126; baseline 0.003 -1"><span class='ocrx_word' id='word_1_156' title='bbox 601 2088 842 2125; x_wconf 88' lang='lat' dir='ltr'><strong>CAPUT</strong></span> <span class='ocrx_word' id='word_1_157' title='bbox 881 2088 946 2126; x_wconf 89' lang='lat' dir='ltr'>II.</span> 
     </span>
    </p>
   </div>
   <div class='ocr_carea' id='block_1_11' title="bbox 138 2162 1405 2530">
    <p class='ocr_par' dir='ltr' id='par_1_11' title="bbox 138 2162 1405 2530">
     <span class='ocr_line' id='line_1_23' title="bbox 197 2162 1403 2215; baseline 0.002 -14"><span class='ocrx_word' id='word_1_158' title='bbox 197 2168 229 2201; x_wconf 92' lang='lat'>1.</span> <span class='ocrx_word' id='word_1_159' title='bbox 256 2164 519 2201; x_wconf 72' lang='lat' dir='ltr'>CONsULA&#39;sUM</span> <span class='ocrx_word' id='word_1_160' title='bbox 541 2162 653 2211; x_wconf 86' lang='lat' dir='ltr'>gessit</span> <span class='ocrx_word' id='word_1_161' title='bbox 677 2176 764 2199; x_wconf 86' lang='lat' dir='ltr'>cum</span> <span class='ocrx_word' id='word_1_162' title='bbox 787 2163 834 2199; x_wconf 91' lang='lat' dir='ltr'>L.</span> <span class='ocrx_word' id='word_1_163' title='bbox 857 2163 1007 2200; x_wconf 85' lang='lat' dir='ltr'>Valerio</span> <span class='ocrx_word' id='word_1_164' title='bbox 1032 2164 1180 2208; x_wconf 85' lang='lat' dir='ltr'>Flacco,</span> <span class='ocrx_word' id='word_1_165' title='bbox 1206 2171 1302 2202; x_wconf 86' lang='lat' dir='ltr'>sorte</span> <span class='ocrx_word' id='word_1_166' title='bbox 1328 2179 1403 2215; x_wconf 86' lang='lat' dir='ltr'>pro-</span> 
     </span>
     <span class='ocr_line' id='line_1_24' title="bbox 139 2226 1405 2279; baseline 0.002 -15"><span class='ocrx_word' id='word_1_167' title='bbox 139 2227 306 2264; x_wconf 88' lang='lat' dir='ltr'>vinciam</span> <span class='ocrx_word' id='word_1_168' title='bbox 327 2233 463 2263; x_wconf 84' lang='lat' dir='ltr'>nactus</span> <span class='ocrx_word' id='word_1_169' title='bbox 481 2226 710 2275; x_wconf 83' lang='lat' dir='ltr'>Hispaniam</span> <span class='ocrx_word' id='word_1_170' title='bbox 730 2226 947 2271; x_wconf 84' lang='lat' dir='ltr'>citeriorem,</span> <span class='ocrx_word' id='word_1_171' title='bbox 969 2241 1086 2277; x_wconf 81' lang='lat' dir='ltr'>exque</span> <span class='ocrx_word' id='word_1_172' title='bbox 1106 2242 1151 2265; x_wconf 88' lang='lat' dir='ltr'>ea</span> <span class='ocrx_word' id='word_1_173' title='bbox 1170 2228 1405 2279; x_wconf 85' lang='lat' dir='ltr'>triumphum</span> 
     </span>
     <span class='ocr_line' id='line_1_25' title="bbox 139 2289 1404 2342; baseline 0.002 -14"><span class='ocrx_word' id='word_1_174' title='bbox 139 2290 361 2341; x_wconf 87' lang='lat' dir='ltr'>deportavit.</span> <span class='ocrx_word' id='word_1_175' title='bbox 420 2292 454 2326; x_wconf 78' lang='lat'>2.</span> <span class='ocrx_word' id='word_1_176' title='bbox 481 2289 541 2327; x_wconf 85' lang='lat' dir='ltr'>Ibi</span> <span class='ocrx_word' id='word_1_177' title='bbox 564 2303 682 2339; x_wconf 89' lang='lat' dir='ltr'>quum</span> <span class='ocrx_word' id='word_1_178' title='bbox 701 2289 842 2326; x_wconf 88' lang='lat' dir='ltr'>diutius</span> <span class='ocrx_word' id='word_1_179' title='bbox 863 2298 1082 2335; x_wconf 86' lang='lat' dir='ltr'>moraretur,</span> <span class='ocrx_word' id='word_1_180' title='bbox 1103 2292 1147 2328; x_wconf 85' lang='lat' dir='ltr'>P.</span> <span class='ocrx_word' id='word_1_181' title='bbox 1168 2292 1292 2342; x_wconf 89' lang='lat' dir='ltr'>Scipio</span> <span class='ocrx_word' id='word_1_182' title='bbox 1308 2293 1404 2330; x_wconf 87' lang='lat' dir='ltr'>Afri-</span> 
     </span>
     <span class='ocr_line' id='line_1_26' title="bbox 139 2353 1404 2404; baseline 0 -12"><span class='ocrx_word' id='word_1_183' title='bbox 139 2368 264 2398; x_wconf 84' lang='lat' dir='ltr'>canus,</span> <span class='ocrx_word' id='word_1_184' title='bbox 286 2354 414 2391; x_wconf 90' lang='lat' dir='ltr'>consul</span> <span class='ocrx_word' id='word_1_185' title='bbox 435 2353 586 2397; x_wconf 86' lang='lat' dir='ltr'>iterum,</span> <span class='ocrx_word' id='word_1_186' title='bbox 607 2353 713 2401; x_wconf 86' lang='lat' dir='ltr'>cujus</span> <span class='ocrx_word' id='word_1_187' title='bbox 736 2353 775 2390; x_wconf 89' lang='lat' dir='ltr'>in</span> <span class='ocrx_word' id='word_1_188' title='bbox 793 2353 912 2403; x_wconf 84' lang='lat' dir='ltr'>priore</span> <span class='ocrx_word' id='word_1_189' title='bbox 932 2356 1127 2392; x_wconf 89' lang='lat' dir='ltr'>consulatu</span> <span class='ocrx_word' id='word_1_190' title='bbox 1150 2362 1307 2404; x_wconf 82' lang='lat' dir='ltr'>quaestor</span> <span class='ocrx_word' id='word_1_191' title='bbox 1329 2355 1404 2392; x_wconf 87' lang='lat' dir='ltr'>fue-</span> 
     </span>
     <span class='ocr_line' id='line_1_27' title="bbox 139 2416 1404 2467; baseline -0.002 -12"><span class='ocrx_word' id='word_1_192' title='bbox 139 2425 208 2462; x_wconf 84' lang='lat' dir='ltr'>rat,</span> <span class='ocrx_word' id='word_1_193' title='bbox 233 2418 352 2455; x_wconf 84' lang='lat' dir='ltr'>voluit</span> <span class='ocrx_word' id='word_1_194' title='bbox 375 2430 463 2454; x_wconf 86' lang='lat' dir='ltr'>eum</span> <span class='ocrx_word' id='word_1_195' title='bbox 485 2417 530 2453; x_wconf 91' lang='lat' dir='ltr'>de</span> <span class='ocrx_word' id='word_1_196' title='bbox 553 2416 746 2466; x_wconf 82' lang='lat' dir='ltr'>provincia</span> <span class='ocrx_word' id='word_1_197' title='bbox 769 2417 950 2466; x_wconf 88' lang='lat' dir='ltr'>depellere</span> <span class='ocrx_word' id='word_1_198' title='bbox 979 2424 1016 2454; x_wconf 88' lang='lat' dir='ltr'>et</span> <span class='ocrx_word' id='word_1_199' title='bbox 1039 2418 1116 2467; x_wconf 87' lang='lat' dir='ltr'>ipse</span> <span class='ocrx_word' id='word_1_200' title='bbox 1139 2419 1172 2454; x_wconf 91' lang='lat' dir='ltr'>ei</span> <span class='ocrx_word' id='word_1_201' title='bbox 1196 2418 1404 2454; x_wconf 78' lang='lat' dir='ltr'>succedere-</span> 
     </span>
     <span class='ocr_line' id='line_1_28' title="bbox 138 2479 1402 2530; baseline -0.002 -12"><span class='ocrx_word' id='word_1_202' title='bbox 138 2481 272 2530; x_wconf 87' lang='lat' dir='ltr'>Neque</span> <span class='ocrx_word' id='word_1_203' title='bbox 291 2481 360 2517; x_wconf 86' lang='lat' dir='ltr'>hoc</span> <span class='ocrx_word' id='word_1_204' title='bbox 379 2494 444 2530; x_wconf 88' lang='lat' dir='ltr'>per</span> <span class='ocrx_word' id='word_1_205' title='bbox 464 2486 639 2517; x_wconf 85' lang='lat' dir='ltr'>senatum</span> <span class='ocrx_word' id='word_1_206' title='bbox 659 2480 804 2517; x_wconf 83' lang='lat' dir='ltr'>efficere</span> <span class='ocrx_word' id='word_1_207' title='bbox 822 2481 957 2529; x_wconf 87' lang='lat' dir='ltr'>potuit,</span> <span class='ocrx_word' id='word_1_208' title='bbox 975 2494 1092 2530; x_wconf 88' lang='lat' dir='ltr'>quum</span> <span class='ocrx_word' id='word_1_209' title='bbox 1111 2479 1261 2530; x_wconf 88' lang='lat' dir='ltr'>quidem</span> <span class='ocrx_word' id='word_1_210' title='bbox 1279 2481 1402 2530; x_wconf 85' lang='lat' dir='ltr'>Scipio</span> 
     </span>
    </p>
   </div>
  </div>
 </body>
</html>
