1575 2771
131 210 195 265 4.]
667 223 708 250 v.
741 224 885 251 οιΜοΝ.
1339 214 1394 252 25

587 428 828 466 CAPUT
867 429 946 465 IV.

190 508 222 540 1.
253 505 369 542 HUNc
391 505 639 542 Athenienses
661 519 735 542 non
757 506 877 542 solum
896 505 935 542 in
953 505 1061 549 bello,
1083 504 1147 542 sed
1165 505 1204 542 in
1222 519 1313 554 paee
1332 500 1397 542 d'ju

132 566 448 605 desideraverunt.
506 568 599 605 Fuit
627 569 728 605 enirn
756 575 868 605 tanta
895 568 1131 613 liberalitate,
1157 583 1273 618 quum
1301 583 1398 606 eom-

133 631 300 681 pluribus
321 632 408 668 locis
429 630 570 680 praedia
588 632 785 681 hortosque
807 633 973 676 haberet,
995 639 1038 669 ut
1061 646 1271 682 numquam
1289 633 1328 670 in
1347 633 1399 670 eis

134 693 328 732 custodem
349 695 566 744 imposuerit
588 695 732 732 fruetus
759 695 931 733 servandi
954 697 1088 745 gratia,
1113 711 1159 733 ne
1182 697 1264 746 quis
1286 697 1399 746 impe-

133 756 285 802 diretur,
306 772 377 807 quo
399 759 524 796 minus
546 760 625 808 ejus
647 759 766 803 rebus,
788 760 921 808 quibus
943 761 1095 809 quisque
1119 761 1244 804 vellet,
1265 760 1400 797 fruere-

135 828 208 859 tur.
266 824 301 858 2.
334 822 490 871 Semper
516 836 604 860 eum
629 822 819 872 pedisequi
849 837 934 860 eum
966 824 1132 876 nummis
1157 830 1245 860 sunt
1271 824 1400 868 secuti,

136 893 190 930 ut,
208 886 238 923 si
257 886 337 935 quis
355 887 434 936 opis
453 887 532 935 ejus
551 885 744 935 indigeret,
767 888 932 930 haberet,
950 886 1047 936 quod
1066 887 1198 924 statim
1216 886 1334 931 daret,
1355 901 1402 924 ne

137 949 338 987 differendo
357 949 546 987 videretur
564 964 712 998 negare.
763 951 879 999 Saepe,
902 964 1019 998 quum
1039 950 1202 998 aliquem
1220 950 1402 986 offensum

139 1016 290 1052 fortuna
307 1014 452 1051 videret
471 1015 596 1051 minus
613 1015 707 1051 bene
722 1014 913 1057 vestitum,
930 1028 1042 1050 suum
1062 1014 1269 1051 amiculum
1288 1011 1400 1050 dedit.

138 1080 174 1115 3.
200 1076 375 1124 Quotidie
394 1078 446 1114 sie
465 1091 571 1115 eoena
589 1077 623 1114 ei
642 1077 880 1126 coquebatur,
902 1084 956 1121 ut,
977 1091 1066 1126 quos
1085 1077 1276 1114 invocatos
1294 1075 1404 1114 vidis-

138 1148 194 1179 set
213 1141 253 1178 in
271 1141 358 1185 foro,
379 1155 507 1178 omnes
526 1140 724 1178 devocaret
741 1154 748 1178 :
773 1140 870 1190 quod
889 1141 1010 1178 faeere
1029 1142 1178 1178 nullum
1197 1139 1297 1178 diem
1314 1154 1404 1190 prae-

139 1204 387 1243 termittebat.
444 1205 554 1242 Nulli
573 1203 664 1242 fides
686 1206 776 1253 ejus,
797 1205 893 1242 nulli
914 1218 1036 1254 opera,
1057 1205 1152 1241 nulli
1170 1218 1228 1241 res
1247 1205 1405 1241 familia-

139 1269 188 1307 ris
214 1267 356 1314 defuit;
391 1269 530 1306 multos
557 1269 827 1318 locupletavit;
863 1269 1071 1318 complures
1098 1282 1280 1318 pauperes
1311 1282 1406 1304 mor-

140 1340 232 1377 tuos,
253 1334 327 1383 qui,
348 1332 448 1370 unde
470 1333 701 1376 efferrentur,
725 1347 800 1370 non
827 1333 1070 1382 reliquissent,
1095 1346 1161 1369 suo
1188 1338 1318 1369 sumtu
1345 1345 1406 1368 ex-

140 1397 240 1434 tulit.
296 1400 333 1434 4.
364 1397 428 1434 Sic
455 1411 493 1434 se
520 1396 679 1446 gerendo
706 1397 862 1433 minime
885 1403 940 1433 est
963 1394 1191 1440 mirandum,
1213 1395 1243 1433 si
1265 1402 1304 1433 et
1325 1395 1406 1432 vita

139 1460 220 1509 ejus
238 1460 309 1498 suit
328 1474 468 1504 secura,
490 1467 528 1498 et
547 1475 646 1498 mors
665 1459 810 1498 acerba.

758 1526 788 1562 B
