1575 2771
155 246 195 290 2,
212 243 274 298 3.]
656 257 772 283 xxw.
805 256 926 283 cA‘ro.
1175 304 1178 308 ,
1345 248 1424 285 119

152 344 191 382 in
213 345 370 382 civitate
392 345 649 395 principatum
675 344 858 383 obtineret
876 358 882 382 :
913 343 1012 395 quod
1033 350 1118 383 tum
1145 358 1220 382 non
1242 346 1420 394 potentia,

150 407 214 446 sed
227 409 314 458 jure
328 410 539 459 respublica
554 410 898 447 administrabatur.
957 409 1046 455 Qua
1061 423 1108 446 ex
1125 422 1165 446 re
1183 409 1304 446 iratus
1319 422 1421 446 sena-

149 472 216 516 tui,
234 474 431 510 consulatu
450 480 611 523 peracto,
628 474 798 523 privatus
813 473 852 510 in
866 471 958 510 urbe
976 473 1129 510 mansit.
1179 474 1213 509 3.
1236 473 1292 509 At
1310 472 1419 517 Cato,

148 549 275 574 censor
293 551 381 575 cum
400 536 530 575 eodem
549 538 688 575 Flacco
707 538 839 580 sactus,
861 550 986 574 severe
1005 536 1156 586 praesuit
1175 536 1210 573 ei
1227 537 1417 586 potestati.

146 599 253 637 Nam
272 607 310 638 et
325 601 368 638 ‘in
387 601 595 650 complures
612 600 754 637 nobiles
770 599 1051 644 animadvertit,
1069 606 1107 637 et
1125 601 1268 637 multas
1286 614 1343 637 res
1357 614 1418 637 no-

146 678 213 701 vas
228 665 267 702 in
282 665 448 702 edictum
465 664 619 708 addidit,
637 678 712 714 qua
726 679 764 702 re
785 665 936 701 luxuria
950 665 1224 714 reprimeretur,
1240 678 1322 713 quae
1333 665 1417 714 jam

144 735 229 765 tum
254 729 456 779 incipiebat
482 730 680 779 pullulare.
738 732 773 765 4.
800 729 929 779 Usque
957 729 1004 766 ad
1027 735 1240 766 extremam
1263 735 1416 766 aetatem

143 791 480 836 zib-adolescentia,
505 792 718 843 reipublicae
747 806 862 830 causa
889 793 1072 843 suscipere
1100 793 1318 829 inimicitias
1340 806 1416 829 non

140 855 294 893 destitit.
352 857 389 893 A
408 856 540 893 multis
562 863 731 893 tentatus
753 870 827 893 non
845 857 955 893 modo
973 857 1123 893 nullum
1143 856 1414 893 detrimentum

139 919 427 957 existimationis
445 920 542 964 fecit,
566 919 638 964 sed,
661 919 783 970 quoad
801 920 907 964 vixit,
925 921 1113 958 virtutum
1132 919 1243 957 laude
1263 920 1392 957 crevit.

581 1102 824 1140 CAPUT
862 1102 963 1139 ΙΙΙ.

191 1180 224 1214 1.
255 1177 305 1214 IN
333 1177 505 1214 omnibus
532 1176 643 1214 rebus
673 1178 854 1227 singulari
883 1177 955 1215 suit
984 1176 1185 1227 prudentia
1217 1183 1255 1215 et
1284 1176 1408 1215 indus-

135 1240 220 1277 tria.
278 1240 384 1277 Nam
414 1247 451 1277 et
476 1240 639 1289 agricola
667 1242 801 1285 sollers,
826 1248 864 1278 et
887 1242 1028 1291 peritus
1045 1241 1344 1290 jurisconsultus,
1369 1248 1408 1280 et

133 1317 294 1352 magnus
316 1304 530 1354 imperator,
556 1311 594 1341 et
616 1304 818 1354 probabilis
841 1312 973 1349 orator,
999 1312 1036 1342 et
1060 1306 1320 1355 cupidissimus
1347 1306 1406 1344 lit-

133 1373 301 1404 terarum
326 1367 410 1404 fuit.
469 1370 502 1404 2.
536 1368 710 1413 Quarum
741 1368 909 1406 studium
939 1370 1009 1406 etsi
1039 1370 1158 1407 senior
1184 1370 1404 1419 arripuerat,

132 1437 262 1468 tamen
290 1438 445 1469 tantum
471 1446 707 1482 progressum
729 1433 826 1477 fecit,
847 1440 891 1470 ut
918 1448 993 1471 non
1015 1433 1123 1470 facile
1145 1434 1305 1483 reperire
1327 1448 1403 1483 pos-

132 1494 191 1539 sis,
211 1508 330 1544 neque
353 1493 399 1532 de
423 1495 577 1539 Graecis‚
598 1510 719 1546 neque
742 1495 787 1534 de
806 1498 952 1534 Italicis
974 1498 1093 1542 rebus,
1115 1497 1213 1547 quod
1235 1498 1270 1535 ei
1291 1498 1405 1535 suerit

131 1559 375 1608 incognitum.
442 1562 478 1597 3.
511 1561 574 1598 Ab
603 1560 853 1599 adolescentia
885 1562 1044 1599 confecit
1077 1562 1272 1599 orationes.
1341 1563 1404 1600 Se-

131 1636 206 1660 nex
232 1623 406 1660 historias
434 1624 591 1661 scribere
621 1625 796 1669 instituit,
826 1639 989 1674 quarum
1019 1632 1106 1662 sunt
1132 1625 1218 1663 libri
1246 1632 1400 1675 septem.

131 1686 284 1723 Primus
303 1687 468 1724 continet
487 1700 545 1724 res
563 1694 688 1735 gestas
707 1702 840 1737 regum
858 1690 986 1738 populi
1001 1690 1170 1726 Romani
1187 1703 1194 1735 3
1219 1691 1402 1728 secundus

131 1756 170 1787 et
196 1750 341 1794 tertius,
369 1751 468 1787 unde
495 1764 649 1800 quaeque
678 1752 812 1789 civitas
839 1759 922 1790 orta
949 1753 997 1790 sit
1021 1753 1182 1791 Italica:
1212 1754 1258 1791 ob
1286 1768 1402 1803 quam

131 1827 212 1850 rem
238 1827 367 1851 omnes
389 1814 562 1863 Origines
585 1815 734 1852 videtur
763 1817 979 1866 appellasse.
1037 1817 1085 1854 In
1108 1824 1240 1866 quarto
1270 1825 1401 1856 autem

130 1876 273 1914 bellum
291 1877 482 1914 Punicum
504 1878 694 1930 primum3
724 1879 764 1916 in
786 1880 917 1929 quinto
939 1881 1156 1917 secundum.
1213 1884 1249 1917 4.
1272 1882 1401 1931 Atque

130 1941 211 1977 haec
234 1941 360 1977 onmia
388 1941 630 1990 capitulatim
657 1949 744 1979 sunt
767 1941 880 1980 dicta.
937 1944 1176 1993 Reliquaque
1197 1945 1298 1982 bella
1318 1946 1400 1995 pari

129 2002 238 2041 modo
255 2011 473 2054 persecutus
492 2011 559 2049 est,
579 2019 696 2055 usque
716 2004 765 2043 ad
782 2013 986 2056 praeturam
1008 2007 1087 2044 Ser.
1102 2008 1248 2053 Galbae,
1266 2009 1330 2058 qui
1349 2008 1400 2046 di-

129 2068 244 2118 ripuit
259 2069 477 2106 Lusitanos.
534 2070 663 2119 Atque
681 2070 816 2107 horum
830 2071 1015 2108 bellorum
1034 2069 1146 2108 duces
1164 2086 1239 2109 non
1257 2073 1400 2111 nomin-

130 2132 220 2176 avit,
246 2133 309 2170 sed
337 2133 415 2170 sine
441 2133 655 2171 nominibus
682 2148 740 2171 res
767 2135 926 2172 notavit.
984 2136 1033 2172 In
1058 2135 1192 2173 iisdem
1217 2137 1398 2187 exposuit,

129 2209 211 2245 quae
233 2196 273 2234 in
295 2197 412 2234 Italia
434 2197 700 2247 Hispaniisque
723 2198 938 2236 viderentur
961 2198 1193 2237 admiranda.
1251 2201 1300 2237 In
1321 2201 1399 2249 qui-

128 2260 200 2296 bus
220 2260 345 2296 multa
367 2259 554 2297 industria
572 2267 610 2297 et
633 2260 828 2310 diligentia
851 2269 1052 2311 comparet,
1073 2264 1198 2300 multa
1217 2262 1386 2300 doctrina.

131 2325 166 2360 5.
191 2323 320 2371 Hujus
343 2323 387 2360 de
410 2323 492 2360 vita
513 2330 552 2360 ct
573 2323 739 2361 moribus
761 2326 870 2374 plura
893 2326 933 2362 in
956 2339 997 2362 eo
1019 2325 1112 2362 libro
1134 2326 1319 2375 persecuti
1342 2340 1385 2363 su

131 2399 226 2430 mus,
252 2400 365 2436 quem
387 2387 591 2436 separatim
616 2387 660 2424 de
688 2400 730 2424 co
758 2387 914 2425 fecimus
941 2394 1075 2436 rogatu
1099 2389 1180 2426 Titi
1203 2389 1399 2439 Pomponii

131 2450 266 2488 Attici.
324 2450 452 2497 Quare
485 2449 665 2488 studiosos
699 2450 855 2488 Catonis
889 2449 937 2488 ad
969 2451 1064 2489 illud
1095 2452 1273 2490 volumen
1304 2453 1390 2490 dele

131 2528 278 2564 gamus.
