1575 2771
160 206 198 251 S,
219 208 257 249 9,
284 201 368 255 10.]
611 212 680 237 vu.
716 207 975 235 ALcmrADEs.
1376 196 1429 232 35

165 315 283 351 quum
296 315 359 352 per
376 303 623 351 speculatores
641 301 887 350 comperisset,
904 300 1065 348 vulgum
1079 300 1367 339 Atheniensium
1386 303 1425 340 in

165 371 304 403 terram
340 364 550 414 praedatum
587 365 712 407 exisse,
747 377 933 412 navesque
965 377 1069 412 paene
1101 363 1230 400 inanes
1263 364 1420 408 relictas,

166 435 314 478 tempus
333 429 385 465 rei
400 427 569 477 gerendae
588 442 662 465 non
681 426 832 470 dimisit,
850 440 963 476 eoque
983 427 1125 476 impetu
1144 432 1268 463 totum
1282 425 1423 464 bellum

165 489 321 528 delevit*
1324 486 1326 488 ’

611 671 852 709 CAPUT
891 672 976 709 IX.

219 751 251 784 ⁴..
282 748 345 784 AT
365 745 590 790 Alcibiades,
611 746 721 783 victis
740 745 1034 783 Atheniensibus
1055 760 1129 783 non
1148 746 1238 783 satis
1257 753 1344 783 tuta
1365 760 1422 783 ea-

164 808 249 847 dem
267 811 350 847 loca
372 810 440 847 sibi
463 809 676 852 arbitratus,
697 809 846 858 penitus
864 809 904 845 in
923 809 1130 846 Thraciam
1149 823 1186 846 se
1205 823 1318 858 supra
1336 810 1423 846 Pro-

163 873 352 924 pontidem
369 873 522 917 abdidit,
540 887 700 922 sperans,
720 872 771 909 ibi
787 873 962 909 facillime
977 886 1086 909 suam
1100 873 1290 909 fortunam
1305 873 1422 908 occuli

163 951 275 987 posse.
324 937 448 974 Falso.
505 939 540 972 2.
569 936 676 972 Nam
696 936 873 978 Thraces,
892 941 1089 983 postquam
1107 949 1194 971 eum
1213 948 1300 971 cum
1319 948 1422 982 mag-

163 1014 212 1037 na
230 1000 390 1049 pecunia
407 999 550 1036 venisse
572 1004 775 1041 senserunt,
797 996 947 1034 insidias
965 997 1131 1034 fecerunt
1147 1010 1154 1034 :
1183 997 1246 1046 qui
1266 1011 1320 1040 ea,
1342 1011 1422 1046 quae

163 1068 389 1113 apportarat,
408 1061 655 1105 abstulerunt,
672 1061 795 1110 ipsum
810 1074 941 1110 capere
957 1074 1031 1097 non
1045 1066 1258 1110 potuerunt.
1298 1063 1333 1097 3.
1352 1061 1422 1097 Ille

162 1140 324 1170 cernens,
345 1126 493 1163 nullum
514 1126 638 1161 locum
660 1123 729 1161 sibi
752 1130 881 1160 tutum
903 1124 942 1160 in
962 1124 1111 1161 Graecia
1128 1130 1277 1173 propter
1297 1130 1422 1173 poten-

163 1190 258 1226 tiam
271 1188 654 1231 Lacedaemoniorum,
673 1186 720 1224 ad
735 1187 1029 1224 Pharnabazum
1047 1187 1086 1224 in
1101 1187 1236 1224 Asiam
1249 1187 1397 1224 transiit
1413 1200 1420 1224 :

163 1267 275 1302 quem
297 1251 447 1301 quidem
470 1250 560 1288 adeo
588 1265 656 1288 sua
678 1250 776 1300 cepit
799 1251 1048 1294 humanitate,
1072 1256 1116 1287 ut
1138 1264 1225 1287 eum
1246 1263 1356 1287 nemo
1383 1250 1423 1287 in

164 1316 333 1353 amicitia
372 1314 617 1352 antecederet.
674 1314 853 1362 Namque
890 1314 924 1350 ei
962 1313 1154 1350 Grunium
1193 1312 1347 1350 dederat
1383 1313 1422 1350 in

163 1379 329 1429 Phrygia
361 1385 538 1422 castrum,
572 1391 620 1415 ex
654 1391 724 1426 quo
760 1377 1021 1426 quinquagena
1052 1378 1199 1414 talenta
1228 1376 1422 1425 vectigalis

162 1443 343 1492 capiebat.
400 1445 436 1478 4.
467 1441 556 1487 Qua
582 1441 731 1478 fortuna
758 1439 973 1478 Alcibiades
1004 1454 1079 1477 non
1105 1446 1187 1477 erat
1214 1446 1421 1484 contentus,

162 1520 281 1555 neque
309 1506 481 1542 Athenas
507 1505 629 1542 victas
655 1503 951 1541 Lacedaemoniis
984 1503 1120 1540 servire
1153 1509 1305 1553 poterat
1327 1503 1420 1553 pati.

164 1571 298 1618 Itaque
327 1568 375 1606 ad
401 1569 567 1618 patriam
593 1567 828 1605 liberandam
850 1568 951 1604 omni
973 1566 1163 1604 ferebatur
1185 1567 1419 1615 cogitatione.

167 1636 199 1669 5.
232 1631 306 1670 Sed
324 1631 486 1674 videbat,
507 1630 546 1667 id
564 1632 641 1668 sine
660 1645 744 1678 rege
764 1632 965 1667 Persarum
983 1644 1057 1666 11011
1075 1644 1177 1679 posse
1196 1631 1275 1667 fieri
1292 1643 1299 1667 :
1327 1629 1423 1667 ideo-

169 1709 234 1744 ¹que
261 1709 348 1732 eum
377 1695 542 1731 amicum
569 1693 638 1731 sibi
665 1692 839 1742 cupiebat
863 1692 1041 1741 adjungi3
1070 1706 1188 1741 neque
1210 1691 1421 1736 dubitabat,

170 1760 270 1796 heile
293 1773 330 1795 se
353 1764 649 1800 consecuturum,
675 1757 705 1793 si
731 1755 839 1793 modo
868 1757 947 1804 ejus
970 1755 1211 1793 conveniendi
1232 1755 1423 1793 habuisset

160 1872 163 1875 .
171 1828 397 1870 potestatem.
454 1820 562 1857 Nam
582 1820 725 1869 Cyrum
748 1819 903 1856 fratrem
925 1819 959 1856 ei
981 1818 1123 1856 bellum
1151 1819 1251 1856 clam
1277 1832 1421 1868 parare,

172 1884 458 1922 Lacedaemoniis
481 1882 757 1931 adjuvantibus,
780 1881 942 1928 sciebat3
971 1880 1010 1919 id
1032 1882 1062 1919 si
1086 1882 1298 1932 aperuisset,
1318 1895 1409 1930 mag

172 1962 253 1987 iam
272 1962 310 1985 se
329 1948 512 1985 initurum
530 1946 695 1995 gratiam
713 1944 878 1983 videbat.

631 2128 872 2165 CAPUT
909 2127 961 2164 X.

221 2209 254 2242 1.
283 2204 383 2242 Hffic
403 2216 520 2253 quum
538 2203 739 2246 moliretur,
760 2208 975 2251 peteretque
995 2215 1018 2238 a
1036 2198 1294 2243 Pharnabazo,
1311 2205 1356 2236 ut
1375 2197 1423 2236 ad

169 2259 293 2316 regem
314 2267 538 2309 mitteretur,
559 2264 688 2302 eodem
710 2272 875 2313 tempore
899 2264 1040 2301 Critias
1067 2263 1252 2311 ceterique
1273 2261 1423 2311 tyranni

168 2328 455 2367 Atheniensium
474 2335 590 2364 certos
607 2327 775 2363 homines
795 2325 842 2362 ad
857 2325 1098 2375 Lysandrum
1113 2326 1152 2362 in
1166 2325 1299 2362 Asiam
1317 2325 1423 2361 mise-

169 2399 266 2436 runt,
283 2391 345 2441 qui
365 2404 452 2428 eum
471 2390 664 2426 certiorem
679 2389 854 2431 facerent,
871 2389 941 2424 nisi
957 2387 1191 2425 Alcibiadem
1206 2387 1421 2430 sustulisset,

169 2456 260 2494 nihil
282 2467 412 2492 earum
434 2466 557 2489 rerum
579 2452 651 2488 sore
672 2459 806 2491 ratum.
828 2464 922 2499 quas
943 2451 1019 2499 ipse
1041 2451 1198 2487 Athenis
1220 2450 1423 2487 constituis-
