1575 2771
180 233 235 272 28
603 244 800 271 CORNELH
831 244 1020 272 neporus
1383 229 1441 285 ΡΑ

631 449 875 486 CAPUT
913 449 995 486 IV.

233 530 265 563 1.
295 527 436 569 ATQUE
465 526 534 562 hoc
557 525 636 562 loco
659 538 734 561 non
756 530 812 562 est
834 523 1138 574 praetereundum
1160 524 1304 562 sactum
1327 526 1445 562 Phar-

175 590 320 633 nabazi,
356 589 515 638 satrapis
553 589 655 637 regii.
713 588 820 625 Nam
857 602 975 637 quum
1007 586 1215 638 Lysander,
1246 588 1445 638 praefectus

176 654 311 697 classis,
332 654 372 690 in
389 653 486 690 bello
505 653 630 690 multa
649 651 849 689 crudeliter
869 666 1056 701 avareque
1075 652 1230 697 fecisset,
1251 651 1369 702 deque
1387 653 1446 690 his

174 717 284 754 rebus
303 718 555 766 suspicaretur
572 715 619 753 ad
634 717 734 753 cives
753 730 836 753 suos
855 731 931 754 esse
946 718 1147 766 perlatum,
1164 718 1273 767 petiit
1289 732 1312 755 a
1327 718 1445 756 Phar-

173 780 328 823 nabazo,
350 787 394 817 ut
418 779 466 817 ad
489 781 642 829 ephoros
665 780 733 817 sibi
756 781 1016 818 testimonium
1039 780 1156 825 daret,
1178 788 1322 830 quanta
1341 795 1444 819 sanc·
1468 776 1478 783 N

174 844 286 880 titate
313 843 457 880 bellum
479 843 648 892 gessisset
671 843 856 892 sociosque
879 850 1089 888 tractasset,
1115 843 1233 894 deque
1256 858 1302 882 ea
1323 859 1362 882 re
1386 858 1445 882 ae-

174 914 303 944 curate
327 907 525 944 scriberet:
556 920 739 955 magnam
762 907 863 944 enim
885 908 965 956 ejus
988 908 1255 945 auctoritatem
1276 908 1316 944 in
1338 922 1384 945 ea
1405 922 1445 946 re

173 971 356 1008 futuram·
405 974 439 1007 2.
462 971 564 1008 Huie
583 971 645 1007 ille
664 971 868 1008 liberaliter
886 971 1081 1020 pollicetur
1096 984 1104 1016 ;
1128 970 1269 1009 librum
1287 985 1445 1020 gravem

174 1035 304 1071 multis
326 1034 448 1071 verbis
472 1034 697 1083 conscripsit,
719 1034 758 1071 in
781 1048 851 1083 quo
875 1035 1031 1072 summis
1054 1049 1142 1072 eum
1163 1035 1244 1072 fert·
1258 1034 1444 1073 laudibus.

175 1098 301 1143 Quem
330 1112 448 1147 quum
478 1098 625 1146 legisset
651 1097 925 1147 probassetque,
954 1097 1046 1135 dum
1075 1099 1254 1147 signatur,
1283 1100 1447 1138 alterum

173 1163 257 1212 pari
284 1161 556 1210 magnitudine,
587 1168 699 1199 tanta
726 1161 969 1199 similitudine
997 1170 1042 1199 ut
1070 1161 1227 1199 discerni
1260 1177 1336 1200 non
1367 1177 1446 1213 pos-

175 1233 240 1270 set,
266 1227 458 1275 signatum
480 1226 648 1274 subjecit,
673 1226 712 1262 in
735 1240 806 1275 quo
830 1226 1108 1263 accuratissime
1135 1227 1214 1275 ejus
1244 1227 1447 1264 avaritiam

175 1289 442 1340 perfidiamque
473 1296 681 1327 accusarat.
739 1292 775 1326 3.
806 1290 909 1327 Hinc
932 1289 1129 1340 Lysander
1152 1289 1306 1328 domum
1328 1305 1447 1340 quum

175 1353 339 1397 redisset,
360 1360 559 1403 postquam
582 1352 627 1390 de
651 1354 724 1391 suis
746 1353 856 1391 rebus
879 1355 992 1403 gestis
1016 1353 1116 1404 apud
1137 1355 1350 1392 maximum
1368 1368 1447 1392 ma-

175 1416 388 1465 gistratum,
415 1431 496 1466 quae
522 1418 703 1461 voluerat,
732 1416 890 1461 dixerat,
919 1419 1123 1455 testimonii
1147 1419 1226 1456 loco
1255 1418 1395 1456 librum
1424 1432 1447 1456 a

176 1480 426 1518 Pharnabazo
459 1479 595 1517 datum
628 1479 797 1518 tradidit.
854 1482 981 1525 Hunc,
1017 1489 1203 1519 summoto
1236 1481 1445 1532 Lysandro,

176 1558 296 1594 quum
322 1545 449 1594 ephori
472 1551 701 1593 cognossent,
727 1545 796 1594 ipsi
818 1544 1019 1594 legendum
1045 1545 1239 1584 dederunt.
1297 1547 1362 1584 Ita
1383 1546 1446 1584 ille

177 1606 393 1657 imprudens
412 1608 489 1657 ipse
510 1621 598 1644 suus
617 1608 690 1645 fuit
711 1615 916 1646 accusator.
