1575 2771
0 1871 42 2073 ‘mr-rs-
0 1834 1 1837 ‘

117 223 156 267 9,
181 218 265 273 10.]
672 231 709 257 x.
743 231 852 258 mox.
1331 221 1379 257 51

114 321 231 358 limen
249 321 329 370 ejus
346 320 548 363 intrarunt,
568 320 705 357 foribus
724 319 913 362 obseratis,
935 318 976 355 in
993 317 1089 355 lecto
1109 318 1313 354 cubantem
1332 319 1382 355 in-

113 383 272 428 vadunt,
289 383 467 432 colligant
483 396 491 428 3
522 383 565 421 fit
585 384 771 433 strepitus,
789 383 880 420 adeo
899 389 943 419 ut
962 382 1130 419 exaudiri
1149 388 1270 430 posset
1283 382 1381 436 vforis.

115 451 150 485 5.
180 448 268 491 Hic,
289 448 385 485 sicut
406 454 494 486 ante
513 461 608 498 saepe
627 446 772 484 dictum
791 453 857 489 est,
879 460 994 496 quam
1013 446 1136 483 invisa
1155 446 1202 483 sit
1222 446 1384 494 singula-

113 511 164 549 ris
189 512 371 561 potentia,
387 518 426 549 et
453 510 667 548 miseranda
691 511 782 553 vita,
807 510 871 559 qui
899 523 936 547 se
963 510 1094 553 metui,
1119 523 1235 558 quam
1264 509 1384 546 amari

113 576 275 619 malunt,
305 576 425 613 cuivis
452 575 561 612 facile
592 575 788 611 intellectu
818 574 901 611 fuit.
960 576 994 611 6.
1026 574 1204 623 Namque
1232 574 1288 610 illi
1314 574 1384 623 ipsi

114 637 295 683 custodes,
321 639 352 676 si
372 639 534 688 propitia
556 638 712 675 fuissent
735 639 942 681 voluntate,
967 637 1105 674 foribus
1128 637 1291 674 effractis
1314 651 1384 674 ser-

114 716 205 740 vare
227 717 316 740 eum
337 703 553 752 potuissent,
579 701 676 751 quod
698 702 752 738 illi
775 702 945 745 inermes,
967 702 1087 739 telum
1106 701 1192 738 foris
1210 701 1385 750 flagitan-

113 773 179 810 tes,
206 767 340 803 vivum
367 765 558 804 tenebant.
617 766 691 804 Cui
719 780 838 815 quum
870 772 1099 803 succurreret
1126 779 1248 809 nemo,
1277 766 1384 815 Lyco

113 829 267 879 quidam
292 831 550 880 Syracusanus
571 843 636 880 per
658 830 839 867 fenestras
862 828 1032 878 gladium
1054 828 1165 873 dedit,
1188 843 1260 879 quo
1283 829 1384 866 Dion

114 894 332 931 interfectus
351 901 417 931 est.

585 1078 827 1116 CAPUT
865 1078 916 1115 X.

171 1154 205 1188 1.
237 1151 449 1189 Coxrnc'rA
467 1150 577 1195 caede,
599 1166 716 1202 quum
739 1151 944 1190 multitudo
963 1151 1107 1189 visendi
1130 1153 1256 1201 gratia
1274 1153 1386 1191 intro·

113 1214 212 1259 isset,
228 1215 399 1252 nonnulli
415 1216 463 1253 ab
482 1215 604 1253 insciis
622 1230 687 1266 pro
706 1216 825 1253 noxiis
845 1215 1102 1253 conciduntur.
1151 1217 1259 1254 Nam
1278 1218 1386 1254 celeri

116 1292 266 1316 rumore
288 1278 415 1323 dilato,
437 1279 551 1316 Dioni
573 1280 653 1317 vim
677 1281 846 1323 allatam,
871 1281 984 1317 multi
1013 1287 1288 1324 concurrerant,
1310 1281 1387 1330 qui-

114 1341 186 1380 bus
203 1344 281 1380 tale
299 1343 444 1380 facinus
467 1342 698 1394 djsplieebat.
756 1344 821 1387 Hi,
842 1344 938 1381 salsa
957 1345 1161 1394 suspicione
1185 1343 1298 1388 ducti,
1320 1345 1387 1381 im-

115 1413 300 1444 merentes
322 1414 366 1444 ut
386 1408 583 1449 sceleratos
602 1408 787 1445 occidunt.
846 1411 881 1444 2.
911 1408 1040 1457 Hujus
1059 1407 1104 1445 de
1123 1416 1243 1446 morte
1262 1416 1305 1446 ut
1324 1422 1388 1458 pa-

115 1470 195 1507 lam
209 1470 355 1508 factum
370 1478 437 1515 est,
454 1470 679 1509 nn’rabiliter
693 1472 798 1521 vulgi
814 1479 967 1509 mutata
982 1479 1037 1509 est
1052 1473 1239 1510 voluntas.
1280 1473 1388 1510 Nam

116 1535 180 1584 qui
197 1535 331 1572 vivum
353 1548 442 1572 eum
464 1542 671 1585 tyrannmn
688 1536 910 1579 vocitarunt,
932 1535 1047 1573 iidem
1069 1537 1307 1574 liberatorem
1325 1551 1388 1586 pa-

117 1598 197 1635 triae
220 1599 445 1648 tyrannique
468 1600 703 1649 expulsorem
726 1598 993 1649 praedicabant.
1053 1601 1116 1637 Sic
1139 1601 1261 1637 subito
1283 1601 1389 1637 mise—

119 1662 274 1700 deordia
292 1661 374 1699 odio
393 1670 631 1705 successerat,
648 1670 692 1700 ut
711 1677 799 1700 eum
819 1677 884 1700 suo
904 1664 1095 1711 sanguine,
1117 1664 1147 1700 si
1165 1671 1322 1712 possent,
1342 1663 1390 1700 ab

118 1726 333 1762 Acheronte
359 1733 538 1775 cuperent
564 1725 757 1763 redjmcre.
816 1729 851 1763 3.
883 1727 1018 1775 Itaque
1043 1727 1084 1763 in
1108 1726 1211 1770 urbe,
1233 1727 1390 1765 celeber-

118 1789 212 1826 rimo
240 1789 329 1832 loco,
350 1790 472 1826 elatus
500 1788 657 1838 publice,
679 1790 838 1839 sepulcri
865 1797 1110 1828 monumento
1138 1789 1299 1828 donatus
1321 1798 1388 1829 cst.

119 1852 234 1890 Diem
252 1852 343 1889 obiit
362 1853 508 1890 circiter
528 1867 642 1891 annos
661 1854 936 1902 quinquaginta
955 1854 1118 1903 quinque
1137 1861 1260 1897 nat-us,
1282 1869 1387 1904 quar-

120 1925 204 1956 tum
222 1925 304 1968 post
323 1932 478 1963 annum,
495 1933 611 1969 quam
630 1933 677 1957 ex
696 1920 948 1969 Peloponneso
968 1920 1007 1957 in
1028 1920 1198 1958 Siciliam
1216 1919 1388 1958 redierat.
