1575 2771
128 168 166 212 9,
187 168 250 212 10,
270 165 355 220 11.]
577 178 695 204 xvm.
723 177 932 204 EUMENEs.
1334 171 1387 207 93

127 266 230 302 niam
258 264 511 315 imprudentes
541 265 674 302 adoriri
702 279 777 302 non
805 271 936 314 posset,
961 265 1080 302 flectit
1107 265 1189 309 iter,
1206 279 1327 309 suum,
1351 273 1387 303 et

126 330 234 367 illum
259 330 472 366 anfractum
499 330 700 377 longiorem
731 330 882 378 copiosae
911 330 981 365 viae
1009 329 1120 378 capit,
1141 327 1265 377 ibique
1288 328 1387 365 diem

127 407 245 430 unum
260 394 447 443 opperitur
466 394 514 429 ad.
528 392 785 429 lassitudinem
805 392 1009 429 sedandam
1023 392 1190 428 militum
1210 404 1253 428 ae
1272 391 1386 431 refici-

127 457 221 493 enda
233 457 422 505 jumenta,
443 470 513 505 quo
532 456 728 504 integriore
748 455 912 492 exercitu
931 454 1152 492 decerneret.

582 635 824 672 CAPUT
872 635 923 671 X.

179 715 211 747 1.
236 710 302 747 Slc
329 711 520 746 Eumenes
536 707 716 745 callidum
731 709 998 758 imperatorem
1013 709 1105 745 vicit
1120 709 1279 752 consilio,
1294 710 1383 746 cele-

127 774 346 822 ritatemque
368 772 563 821 impedivit
592 773 694 820 ejus3
729 785 848 820 neque
877 778 1007 808 tamen
1028 773 1195 808 multum
1217 772 1382 821 profecit.

126 839 157 872 2.
183 837 290 873 Nam
309 837 452 873 invidia
470 837 621 878 ducum,
639 849 727 871 cum
747 834 882 883 quibus
901 841 992 878 erat,
1008 834 1236 884 perfidiaque
1256 836 1384 872 Maee-

128 900 260 936 ionum
278 906 552 942 veteranorum,
574 912 692 947 quum
720 898 883 946 superior
904 899 1030 947 proelio
1053 898 1284 941 discessisset,
1306 899 1384 934 An-

125 963 245 1010 tigono
264 970 320 999 est
339 961 495 1004 deditus,
517 974 635 1009 quum
655 961 838 996 exereitus
857 961 891 996 ei
910 967 967 997 ter
986 967 1073 997 ante
1093 962 1273 1010 separatis
1292 967 1384 997 tem-

123 1024 269 1074 poribus
285 1026 459 1073 jmasset,
480 1037 518 1060 se
541 1037 629 1060 eum
652 1022 901 1067 defensurum,
925 1037 994 1060 nec
1016 1037 1199 1072 umquam
1222 1023 1383 1061 desertu-

123 1101 215 1124 rum.
274 1088 349 1125 Sed
377 1094 488 1124 tanta
515 1087 588 1124 fuit
615 1088 881 1123 nonnullorum
908 1087 1060 1124 virtutis
1087 1087 1318 1131 obtrectatio,
1339 1095 1383 1125 ut

118 1151 232 1188 fidem
251 1151 425 1188 amittere
444 1151 613 1193 mallent,
636 1164 750 1198 quarn
772 1164 860 1187 eum
882 1164 956 1187 non
974 1152 1136 1200 prodere.
1194 1153 1229 1187 3.
1255 1152 1382 1200 Atque

119 1214 219 1251 hunc
238 1215 462 1262 Antigonus,
483 1227 601 1262 quum
620 1214 654 1250 ei
676 1213 804 1250 fuisset
827 1214 1098 1258 infestissimus,
1120 1221 1380 1259 conservasset,

118 1277 148 1313 si
167 1290 233 1326 per
251 1290 335 1314 suos
350 1283 443 1314 esset
461 1276 619 1319 licitum,
636 1277 734 1325 quod
754 1277 801 1313 ab
816 1278 918 1313 nullo
934 1291 971 1313 se
990 1278 1074 1326 plus
1090 1278 1261 1326 adjuvari
1278 1292 1381 1327 posse

117 1340 352 1388 intelligebat
371 1341 412 1376 in
429 1340 488 1376 his
507 1340 625 1383 rebus,
644 1353 736 1388 quas
756 1340 968 1389 impendere
982 1342 1066 1388 jam
1086 1341 1291 1390 apparebat
1306 1355 1380 1378 om-

117 1403 238 1440 nibus.
287 1403 544 1440 Imminebant
556 1403 658 1439 enim
672 1404 859 1447 Seleucus,
870 1404 1132 1453 Lysimachus,
1143 1405 1380 1449 Ptolemaeus,

117 1466 247 1516 opibus
269 1467 354 1515 jam
375 1467 553 1510 valentes,
578 1480 666 1502 eum
693 1466 828 1515 quibus
855 1467 889 1503 ei
917 1466 962 1503 de
985 1468 1142 1504 summis
1169 1468 1278 1504 rebus
1300 1474 1381 1505 erat

117 1530 384 1566 dimicandum.
441 1533 478 1566 4.
511 1530 586 1566 Sed
614 1543 689 1566 non
715 1530 814 1579 passi
843 1537 930 1567 sunt
958 1531 1008 1574 hi,
1029 1531 1093 1580 qui
1122 1531 1221 1567 eirea
1249 1537 1378 1568 erant:

120 1591 215 1642 quod
233 1591 425 1635 videbant,
446 1593 620 1628 Eumene
643 1599 800 1641 recepto,
822 1607 949 1629 omnes
971 1607 1045 1642 prae
1069 1594 1131 1630 illo
1153 1594 1262 1643 parvi
1280 1594 1380 1630 futu-

116 1668 185 1692 ros.
242 1656 328 1705 Ipse
344 1662 473 1692 autem
485 1655 699 1703 Antigonus
718 1656 808 1691 adeo
824 1662 905 1692 erat
920 1656 1101 1699 incensus,
1119 1663 1173 1700 ut,
1189 1657 1261 1693 nisi
1275 1669 1379 1704 mag-

118 1732 167 1756 na.
185 1733 248 1769 spe
267 1719 523 1756 maximarum
542 1731 677 1761 rerum,
698 1719 807 1755 leniri
825 1732 900 1755 non
918 1726 1050 1768 posset.

558 1899 800 1936 CAPUT
846 1900 931 1937 XI.

172 1979 204 2013 1.
234 1975 382 2018 ITAQUE
401 1988 520 2024 quum
539 1988 627 2011 eum
648 1975 689 2011 in
710 1974 920 2012 custodiam
943 1977 1101 2014 dedisset
1123 1983 1160 2014 et
1182 1978 1378 2027 praefectus

117 2040 312 2077 custodum
327 2039 524 2088 quaesisset,
539 2037 856 2087 quemadmodum
871 2040 1010 2087 servari
1022 2040 1135 2077 vellet
1149 2040 1163 2077 C*
1213 2041 1265 2078 Ut
1278 2054 1378 2079 acer·

115 2102 274 2146 m‘mum,
288 2102 420 2151 inquit,
434 2101 586 2145 leonem,
599 2108 672 2138 aut
675 2102 963 2151 ferocissimum
975 2102 1230 2151 elephantum.
1275 2105 1378 2142 Non-

116 2163 208 2202 dum
227 2165 327 2202 enim
346 2171 541 2208 statuerat,
559 2171 804 2215 conservaret,
826 2179 915 2202 eum
943 2179 1072 2203 necne.
1130 2169 1164 2203 2.
1190 2167 1378 2205 Veniebat

118 2233 246 2264 autem
262 2228 309 2264 ad
324 2228 538 2264 Eumenem
552 2234 755 2276 utrumque
770 2241 886 2276 genus
901 2229 1097 2265 hominum
1114 2242 1120 2265 :
1145 2235 1182 2265 et
1198 2230 1261 2277 qui
1275 2243 1381 2279 prop-

118 2297 175 2326 ter
193 2290 320 2326 odium
342 2289 506 2326 fructum
525 2290 640 2326 oeulis
659 2303 705 2326 ex
727 2291 805 2337 ejus
828 2303 916 2326 casu
939 2304 1068 2339 capere
1088 2293 1237 2335 vellent,
1259 2298 1296 2328 et
1316 2294 1380 2340 qui

118 2360 265 2403 propter
288 2359 453 2389 veterem
477 2352 685 2388 amicitiam
713 2353 869 2400 colloqui
896 2353 1147 2401 consolarique
1176 2361 1354 2403 cuperent
1369 2368 1378 2400 ;

120 2418 230 2454 multi
259 2416 386 2459 etiam,
408 2415 471 2464 qui
494 2415 573 2463 ejus
596 2415 755 2452 formum
785 2429 998 2463 cognoscere
1026 2417 1236 2461 studebant,
1261 2418 1380 2467 qualis
