1575 2771
160 143 199 189 3,
215 142 279 196 4.]
621 154 691 180 xx.
725 153 957 180 TimoLnoN.
1350 147 1423 184 101

160 243 310 281 urbium
346 256 487 286 earum,
519 256 593 280 non
624 243 689 287 illi,
720 244 785 293 qui
816 243 921 281 initio
953 243 1195 287 deduxerant,
1226 243 1425 283 videretur.

159 309 196 344 3.
221 308 362 344 Arcem
391 307 595 357 Syracusis,
620 321 736 357 quam
764 307 954 344 munierat
983 307 1185 357 Dionysius
1219 308 1267 344 ad
1294 307 1427 346 urbem

158 369 409 414 obsidendam,
435 385 458 408 a
479 370 735 408 fundamentis
757 369 924 420 disjecit;
960 377 1085 408 cetera
1112 370 1321 420 tyrannidis
1348 385 1421 421 pro-

157 436 374 484 pugnacula
393 434 591 472 demolitus
610 442 676 479 est,
697 434 871 484 deditque
890 448 1052 484 operam,
1074 441 1117 472 ut
1137 448 1251 484 quam
1271 435 1428 472 minime

156 500 282 536 multa
304 500 464 548 vestigia
483 499 681 537 'servitutis
708 505 915 536 manerent.
973 502 1009 536 4.
1035 499 1166 545 Quum
1189 500 1306 537 tantis
1333 506 1428 537 esset

157 563 298 613 opibus,
319 570 362 601 ut
381 564 498 602 etiam
517 563 645 600 invitis
663 563 846 612 imperare
865 568 986 612 posset
1001 575 1009 607 ;
1040 569 1191 600 tantum
1213 570 1344 600 autem
1362 564 1427 601 ha-

156 627 260 664 beret
276 641 441 664 amorem
456 627 627 664 omnium
644 626 865 670 Siculorum,
879 633 923 664 ut
938 627 1041 663 nullo
1056 633 1252 664 recusante
1267 641 1426 676 regnum

157 690 340 728 obtineret
357 703 364 728 :
387 691 526 728 maluit
546 704 583 728 se
602 690 715 739 diligi,
733 704 848 740 quam
867 691 998 727 metui.
1056 691 1202 739 Itaque,
1219 705 1337 740 quum
1355 691 1427 741 pri·

155 768 264 791 mum
282 755 416 804 potuit,
437 754 636 804 imperium
655 753 837 804 deposuit,
856 761 893 791 et
911 754 1083 804 privatus
1104 755 1308 804 Syracusis,
1330 754 1427 803 quod

156 819 341 868 reliquum
363 819 452 856 vitae
475 819 555 862 fuit,
577 818 684 856 vixit.
741 821 776 855 5.
801 819 935 868 Neque
958 832 1044 855 vero
1068 819 1105 855 id
1127 819 1297 867 imperite
1325 818 1424 856 fecit.

155 882 264 920 Nam
287 883 384 932 quod
406 883 519 920 ceteri
542 896 645 930 reges
668 882 820 931 imperio
844 888 1057 931 potuerunt,
1082 882 1143 918 hic
1166 882 1427 918 benevolentia.

156 946 288 983 tenuit.
345 946 486 982 Nullus
515 947 630 982 honos
659 946 747 982 huie
776 945 894 981 defuit
910 957 917 989 ;
956 958 1076 993 neque
1105 951 1234 993 postea
1262 958 1320 981 res
1347 945 1427 981 ulla

157 1009 348 1059 Syracusis
366 1015 472 1057 gesta
490 1015 546 1045 est
564 1009 722 1057 publice,
744 1007 789 1044 de
809 1022 883 1057 qua
901 1008 1002 1057 prius
1022 1009 1069 1045 sit
1089 1007 1289 1052 decretum,
1311 1022 1426 1057 quam

155 1072 402 1109 Timoleontis
434 1072 620 1109 sententia
650 1072 810 1120 cognita.
877 1074 911 1108 6.
937 1072 1092 1109 Nullius
1125 1085 1309 1121 umquam
1343 1086 1425 1109 eon-

155 1136 281 1174 silium
299 1150 374 1174 non
391 1135 502 1174 modo
522 1137 744 1179 antelatum,
762 1136 826 1173 sed
844 1150 891 1173 ne
911 1142 1174 1186 comparatiun
1189 1134 1341 1185 quidem
1357 1142 1423 1175 est.

154 1201 289 1251 Neque
308 1199 346 1238 id
364 1201 486 1250 magis
504 1199 765 1238 benevolentia
784 1200 930 1237 factum
950 1206 1015 1244 est,
1037 1213 1153 1249 quarn
1171 1197 1383 1249 prudentia.

610 1386 852 1423 CAPUT
891 1385 972 1423 1V;

212 1465 244 1498 1.
269 1462 347 1498 Hic
371 1475 489 1510 quum
517 1467 629 1498 aetate
647 1461 731 1509 jam
753 1467 949 1510 provectus
972 1466 1076 1504 esset,
1098 1460 1176 1497 sine
1199 1461 1275 1497 ullo
1297 1462 1426 1498 morbo

155 1525 300 1562 lumina
321 1526 512 1561 oculorum
536 1525 672 1562 amisit.
731 1525 859 1570 Quam
884 1525 1143 1561 calamitatem
1162 1524 1217 1561 ita
1235 1523 1426 1561 moderate

155 1588 254 1632 tulit,
275 1594 318 1625 ut
340 1602 460 1637 neque
483 1601 571 1624 eum
590 1594 806 1636 querentem
829 1588 1028 1636 quisquam
1051 1588 1221 1630 audierit,
1242 1601 1362 1636 neque
1385 1601 1426 1624 eo

155 1653 280 1689 minus
308 1652 465 1701 privatis
493 1651 724 1700 publicisque
757 1650 866 1687 rebus
894 1650 1114 1687 interfuerit.
1187 1653 1221 1686 2.
1240 1651 1426 1687 Veniebat

156 1723 284 1753 autem
310 1716 351 1753 in
379 1716 581 1758 theatrum,
606 1728 725 1763 quum
752 1714 803 1751 ibi
831 1714 1030 1751 concilium
1057 1714 1185 1764 populi
1213 1715 1423 1757 haberetur,

155 1786 302 1829 propter
328 1779 585 1816 valetudinem
612 1785 744 1815 vectus
766 1778 950 1826 jumentis
972 1778 1125 1826 junctis,
1157 1783 1270 1826 atque
1297 1778 1353 1814 ita
1381 1776 1425 1814 de

156 1843 336 1887 vehiculo,
357 1856 438 1892 quae
457 1841 693 1885 videbantur,
716 1842 863 1878 dicebat
880 1854 887 1886 ;
917 1855 1038 1890 neque
1062 1842 1131 1877 hoe
1154 1841 1209 1877 illi
1229 1841 1422 1889 quisquam

154 1906 344 1944 tribuebat
371 1906 562 1956 superbiae.
627 1906 737 1942 Nihil
765 1905 865 1942 enim
893 1918 1078 1954 umquam
1105 1918 1225 1953 neque
1253 1905 1422 1948 insolens,

154 1984 272 2020 neque
300 1971 500 2019 gloriosum
528 1984 576 2007 ex
603 1984 663 2006 ore
692 1970 772 2018 ejus
800 1969 902 2006 exiit.
960 1971 995 2005 3.
1022 1969 1098 2014 Qui
1121 1969 1282 2018 quidem,
1308 1982 1425 2017 quum

153 2048 239 2072 suas
261 2033 391 2072 laudes
420 2033 565 2071 audiret
588 2032 793 2083 praedieari‚
815 2046 1024 2082 numquam
1054 2033 1157 2069 aliud
1179 2032 1285 2076 dixit,
1310 2045 1425 2081 quam

155 2112 192 2135 se
215 2098 255 2134 in
277 2112 322 2135 ea
345 2112 383 2135 re
405 2098 594 2134 maximas
617 2096 687 2134 diis
709 2097 851 2146 gratias
875 2110 983 2145 agere
1007 2102 1120 2146 atque
1142 2096 1290 2139 habere,
1315 2094 1422 2145 quod,

155 2175 273 2210 quum
302 2161 472 2198 Siciliam
498 2174 665 2198 recreare
694 2160 980 2203 constituissent,
1011 2166 1095 2197 tum
1123 2173 1161 2197 se
1188 2159 1425 2209 potissimum

119 2219 126 2225 ⁸
156 2226 291 2262 ducem
318 2238 395 2261 esse
417 2224 631 2261 voluissent.
696 2227 733 2260 4.
758 2224 869 2260 Nihil
892 2223 993 2260 enim
1020 2236 1146 2259 rerum
1168 2223 1425 2259 humanarum

156 2289 234 2326 sine
253 2286 406 2325 deorum
428 2287 583 2324 numine
606 2287 683 2335 geri
706 2286 878 2336 putabat.
936 2286 1072 2334 Itaque
1095 2299 1170 2322 sua}
1190 2284 1291 2321 domi
1313 2284 1425 2322 sacel-

157 2354 238 2390 'um
256 2350 509 2402 Αὐτοματίας
528 2351 782 2393 constituerat,
803 2348 912 2398 idque
932 2349 1163 2386 sanctissime
1183 2347 1338 2386 colebat.
