1575 2771
192 242 273 280 106
618 251 813 278 CORNELn
844 249 1032 277 ΝΕΡΟΤΙΒ.
1106 261 1121 273 ³
1335 239 1392 289 [2‚
1413 240 1451 277 3,

652 456 892 493 CAPUT
932 455 998 492 II.

245 536 278 570 1.
303 533 365 569 AT
389 532 461 575 ille,
482 537 525 568 ut
550 531 824 580 Carthaginem
846 529 961 573 venit,
982 528 1105 566 multo
1129 527 1248 571 aliter,
1270 539 1314 564 ac
1337 540 1457 578 spera·

188 593 266 639 bat,
283 595 556 645 rempublicam
571 608 608 631 se
623 595 829 632 habentem
843 593 1027 642 cognovit.
1079 592 1259 640 Namque
1275 589 1457 628 diuturni·

189 666 271 696 tate
290 659 433 695 externi
453 659 546 695 mali
561 665 715 694 tantum
731 658 869 695 exarsit
888 656 1110 694 intestinum
1123 656 1278 698 bellum,
1294 660 1339 692 ut
1353 667 1460 692 num·

189 735 305 770 quam
332 721 415 770 pari
442 721 604 770 periculo
632 720 744 757 fuerit
768 721 973 768 Carthago,
997 719 1069 756 nisi
1092 731 1209 768 quum
1238 717 1364 755 deleta
1391 724 1459 755 est.

191 786 226 819 2.
252 783 380 819 Primo
400 783 622 819 mercenarii
640 783 789 826 milites,
807 783 870 831 qui
889 784 1066 820 adversus
1085 783 1280 819 Romanos
1298 781 1460 824 fuerant,

191 844 440 888 desciverunt,
462 859 620 894 quorum
642 859 820 882 numerus
843 852 924 882 erat
946 846 1081 893 viginti
1103 845 1278 881 millium.
1334 844 1389 881 Hi
1408 850 1461 881 to-

189 915 272 946 tam
288 908 553 946 abalienarunt
567 908 748 952 Africam,
762 908 886 957 ipsam
899 907 1172 955 Carthaginem
1184 913 1460 956 oppugnarunt.

187 975 223 1009 3.
251 971 398 1017 Quibus
417 972 528 1008 malis
552 970 642 1008 adeo
666 978 754 1008 sunt
773 972 881 1008 Poeni
904 971 1100 1021 perterriti,
1121 976 1165 1006 ut
1185 970 1302 1006 etiam
1321 969 1463 1007 auxilia

187 1034 236 1072 ab
272 1035 459 1072 Romanis
493 1035 671 1084 petierint
707 1048 823 1083 eaque
857 1035 1106 1083 impetrarint.
1177 1031 1251 1070 Sed
1283 1040 1460 1078 extremo,

185 1112 303 1147 qumn
330 1111 442 1147 prope
466 1098 550 1146 jam
578 1096 626 1134 ad
654 1096 951 1147 desperationem
973 1097 1238 1146 pervenissent,
1264 1096 1461 1134 Hamilca-

184 1174 265 1197 rem
284 1162 548 1210 imperatorem
566 1161 744 1198 fecerunt.
802 1164 838 1197 4.
865 1161 904 1198 Is
926 1174 1001 1197 non
1020 1160 1140 1197 solum
1159 1160 1283 1196 hostes
1303 1173 1326 1196 a
1343 1160 1461 1198 muris

187 1224 431 1272 Carthaginis
453 1224 623 1267 removit,
645 1238 762 1273 quum
783 1225 944 1274 amphus
967 1230 1122 1261 centum
1142 1223 1264 1260 millia
1282 1222 1386 1261 facta
1408 1237 1461 1261 es-

186 1293 269 1324 sent
293 1294 539 1331 armatorum,
561 1285 624 1324 sed
647 1288 764 1324 etiam
786 1301 827 1325 eo
850 1288 1041 1337 compulit,
1062 1294 1117 1331 ut,
1138 1287 1304 1324 locorum
1327 1300 1460 1336 angus·

184 1350 247 1387 tiis
270 1350 398 1394 clausi,
423 1351 547 1400 plures
570 1350 680 1394 same,
706 1364 820 1400 quam
842 1351 935 1388 ferro
965 1351 1173 1388 interirent.
1231 1350 1372 1388 Omnia
1399 1364 1459 1401 op-

183 1413 274 1462 pida
297 1414 523 1457 abalienata,
545 1414 585 1451 in
607 1415 665 1451 his
689 1414 846 1451 Uticam
870 1421 982 1464 atque
1001 1415 1229 1464 Hipponem,
1250 1414 1458 1451 valentissi-
1489 1424 1491 1427 ⁴

183 1490 249 1513 ma
275 1477 390 1514 totius
412 1477 562 1521 Africae,
586 1478 750 1515 restituit
777 1478 919 1527 patriae.
978 1480 1013 1514 5.
1045 1478 1179 1526 Neque
1207 1491 1249 1514 eo
1276 1477 1348 1514 fuit
1375 1491 1458 1515 con-

183 1545 321 1583 tentus,
347 1539 411 1577 sed
438 1541 556 1578 etiam
579 1541 671 1578 fines
693 1542 840 1591 imperii
862 1542 1094 1591 propagavit,
1119 1548 1201 1578 tota
1223 1541 1355 1579 Africa
1376 1548 1458 1580 tan-

183 1609 267 1640 tum
285 1603 406 1640 otium
426 1602 597 1648 reddidit,
618 1611 662 1642 ut
683 1605 834 1642 nullum
855 1605 894 1642 in
916 1618 962 1642 ea
984 1604 1128 1642 bellum
1154 1603 1342 1642 videretur
1363 1605 1457 1643 mul-

184 1665 233 1702 tis
253 1666 361 1703 annis
379 1666 502 1704 fuisse.

628 1848 870 1886 CAPUT
908 1848 1010 1885 ΙΙΙ.

238 1925 270 1957 1.
292 1921 429 1958 REBus
448 1921 507 1958 his
523 1935 569 1959 cx
588 1922 775 1958 sententia
793 1921 962 1970 peractis,
979 1919 1111 1958 fidenti
1131 1920 1257 1957 animo
1273 1926 1385 1970 atque
1400 1921 1453 1958 in-

180 1983 273 2020 festo
288 1983 486 2027 Romanis,
503 1997 575 2032 quo
594 1983 741 2021 facilius
755 1997 910 2021 causam
924 1982 1090 2021 bellandi
1109 1983 1296 2033 reperiret,
1313 1984 1449 2027 effecit,

183 2052 225 2084 ut
247 2046 451 2096 imperator
473 2060 561 2083 curn
584 2047 752 2084 exercitu
774 2047 814 2084 in
835 2047 1064 2097 Hispaniam
1086 2047 1310 2091 mitteretur,
1334 2060 1450 2097 eoque

180 2123 309 2147 secum
327 2110 436 2147 duxit
455 2110 577 2147 filium
593 2110 864 2154 Hannibalem,
882 2123 1067 2147 annorum
1085 2123 1233 2147 novem.
1291 2113 1326 2146 2.
1353 2111 1452 2148 Erat

179 2180 362 2224 praeterea
389 2188 477 2212 cum
505 2188 547 2211 eo
576 2173 787 2212 adolescens
815 2175 979 2217 illustris,
1005 2174 1195 2217 formosus,
1219 2172 1450 2218 Hasdrubal,

182 2251 295 2287 quem
310 2239 480 2276 nonnulli
500 2237 548 2275 ab
564 2238 784 2276 Hamilcare
799 2236 910 2275 valde
929 2236 1034 2286 diligi
1052 2238 1313 2287 loquebantur.
1362 2238 1452 2276 Non

183 2301 284 2338 enim
302 2299 477 2338 maledici
496 2308 604 2338 tanto
622 2301 702 2338 viro
725 2300 849 2338 deesse
871 2308 1055 2351 poterant.
1112 2301 1198 2346 Quo
1220 2300 1364 2338 factiun
1382 2307 1448 2345 est,

180 2370 225 2401 ut
258 2377 282 2401 a
313 2364 488 2414 praefecto
519 2378 668 2402 morum
696 2363 916 2402 Hasdrubal
948 2379 1037 2402 cum
1069 2378 1111 2402 eo
1139 2371 1332 2402 vetaretur
1361 2377 1447 2402 esse.

181 2427 284 2464 Huic
307 2427 370 2464 ille
391 2427 511 2465 filiam
531 2441 639 2465 suam
661 2428 701 2466 in
723 2428 1006 2466 matrimonium
1034 2426 1146 2471 dedit,
1167 2426 1264 2477 quod
1286 2425 1448 2464 moribus

179 2503 308 2528 corum
330 2505 404 2529 non
429 2498 576 2541 poterat
602 2491 773 2529 interdici
799 2505 920 2530 socero
941 2505 1066 2541 gener.
1124 2493 1160 2528 3.
1182 2491 1241 2528 De
1271 2490 1340 2527 hoc
1367 2488 1448 2528 ideo
