1575 2771
135 232 189 269 62
556 244 752 270 comanu
784 243 971 270 Nffl’o'rrs.
1276 225 1334 280 [4‚
1356 233 1387 269 5.

136 330 258 379 jussit.
316 331 452 368 Postea
470 345 556 368 vero
580 345 695 380 quarn
718 331 1011 367 Pharnabazum
1034 343 1100 367 rex
1121 329 1322 374 revocavit,
1343 329 1396 367 illi

133 407 282 432 summa
300 395 444 444 imperii
465 395 603 432 tradita
622 401 688 431 est.

586 564 1072 631 CAPUTIV.4*

191 657 222 690 1.
239 653 316 690 Hm
333 666 450 702 quum
466 653 632 690 maximo
648 653 768 690 studio
781 657 1014 702 compararet
1026 651 1243 695 exercitum,
1256 651 1398 702 AEgyp-

135 726 288 765 tumque
311 716 492 765 proficisci
514 722 673 765 pararet,
695 716 815 752 subito
840 729 863 752 a
885 729 970 764 rege
993 715 1126 752 litterae
1149 721 1236 751 sunt
1259 715 1292 751 ei
1314 715 1400 752 mis-

133 792 192 822 sae,
221 785 264 814 ut
293 779 428 827 Aspim
459 779 730 826 aggrederetur,
760 779 823 827 qui
853 778 1080 815 Cataoniam
1108 779 1284 815 tenebat:
1318 791 1400 827 quae

133 855 222 889 gens
245 842 350 889 jacet
372 854 484 891 supra
508 841 695 884 Ciliciam,
721 842 875 878 confinis
899 842 1157 890 Cappadociae.
1215 844 1249 877 2.
1281 841 1400 878 Nam-

134 919 204 953 que
230 905 353 954 Aspis,
379 905 584 941 saltuosam
612 905 798 953 regionem
828 906 1061 954 castellisque
1089 905 1278 942 munitam
1305 905 1401 942 inco-

133 969 222 1012 lens,
242 982 317 1005 non
339 969 459 1005 solum
483 968 637 1017 imperio
661 969 756 1017 regis
779 982 854 1005 non
876 969 1043 1018 parebat,
1065 969 1129 1005 sed.
1150 968 1267 1005 etiam
1290 968 1401 1006 finiti-

133 1047 216 1070 mas
244 1033 408 1081 regiones
430 1033 605 1076 vexabat,
629 1039 677 1075 et,
699 1046 779 1081 quae
808 1033 885 1080 regi
908 1039 1154 1082 portarentur,
1180 1032 1398 1081 abripiebat.

135 1099 170 1133 3.
202 1097 396 1139 Datames,
417 1096 486 1133 etsi
508 1097 616 1144 longe
640 1096 770 1132 aberat
790 1096 837 1132 ab
857 1096 914 1132 his
933 1095 1142 1144 regionibus
1161 1101 1200 1132 et
1219 1109 1242 1132 a
1260 1096 1401 1143 majore

134 1173 173 1196 re
202 1160 498 1202 abstrahebatur,
528 1165 658 1196 tamen
686 1159 782 1207 regis
808 1159 996 1195 voluntati
1024 1171 1167 1195 morem
1195 1159 1400 1206 gerendum
1441 1176 1442 1179 ¹

134 1223 296 1272 putavit.
353 1222 489 1271 Itaque
512 1235 601 1258 cum
623 1222 762 1271 paucis,
783 1222 846 1258 sed
868 1222 957 1258 viris
979 1220 1136 1258 fortibus
1158 1233 1296 1258 navem
1318 1234 1402 1258 con-

134 1284 288 1329 scendit,
309 1285 537 1328 existimans,
560 1285 597 1322 id
616 1285 714 1334 quod
737 1285 881 1328 accidit,
902 1284 1050 1322 facilius
1069 1298 1106 1321 se
1124 1284 1400 1334 imprudentem

134 1363 253 1399 parva
280 1363 398 1386 manu
426 1362 696 1398 oppressurum,
721 1362 836 1397 quam
863 1355 1040 1398 paratum
1069 1347 1241 1397 quamvis
1262 1361 1402 1396 magno

134 1413 312 1449 exercitu.
368 1415 404 1448 4.
436 1412 523 1448 Hac
552 1412 699 1448 delatus
726 1412 766 1448 in
794 1411 979 1454 Ciliciam,
1009 1424 1174 1459 egressus
1202 1411 1298 1453 inde,
1324 1411 1400 1447 dies

135 1483 330 1525 noctesque
349 1476 420 1512 iter
434 1475 583 1518 faciens,
599 1475 772 1512 Taurum
790 1475 950 1518 transiit,
965 1488 1088 1523 eoque,
1103 1488 1174 1523 quo
1194 1475 1398 1517 studuerat,

134 1540 261 1584 venit;
291 1539 433 1588 quaerit,
454 1538 589 1587 quibus
611 1538 713 1577 locis,
722 1538 770 1575 sit
790 1538 925 1587 Aspis;
950 1538 1145 1586 cognoscit,
1166 1538 1269 1574 haud
1291 1538 1399 1586 longe

134 1604 273 1646 abesse,
287 1603 565 1652 profectumque
581 1615 669 1638 eum
683 1608 875 1638 venatum.
925 1602 1050 1646 Quem
1067 1601 1158 1638 dum
1173 1601 1398 1650 speculatur,

134 1668 318 1704 adventus
340 1666 419 1714 ejus
442 1678 556 1702 causa
578 1665 818 1713 cognoscitur.
875 1665 1023 1701 Pisidas
1046 1677 1135 1701 cum
1156 1664 1211 1708 iis,
1236 1677 1326 1713 quos
1348 1677 1399 1701 se·

134 1744 222 1767 cum
250 1728 426 1772 habebat,
453 1727 501 1765 ad
523 1727 768 1765 resistendum
791 1728 903 1777 Aspis
925 1734 1130 1777 comparat.
1188 1730 1223 1764 5.
1254 1728 1301 1764 Id
1322 1727 1400 1765 Da-

134 1802 254 1832 tames
269 1794 333 1831 ubi
349 1793 503 1836 audivit,
518 1805 626 1829 arma
640 1792 764 1836 sumit,
779 1805 933 1841 suosque
948 1791 1049 1841 sequi
1058 1792 1168 1840 jubet
1183 1804 1191 1836 ;
1216 1791 1292 1840 ipse
1307 1804 1400 1840 equo

133 1858 317 1895 concitato
345 1857 394 1893 ad
421 1857 566 1893 hostem
593 1855 754 1892 vehitur.
811 1855 934 1900 Quem
962 1856 1090 1904 procul
1117 1855 1230 1904 Aspis
1260 1856 1399 1904 conspi-

133 1921 232 1957 ciens
260 1921 309 1956 ad
336 1933 373 1956 sc
396 1919 576 1956 ferentem
597 1918 838 1967 pertimescit,
861 1924 974 1966 atque
1003 1931 1026 1954 a
1048 1924 1185 1955 conatu
1208 1919 1396 1956 resistendi

133 1983 329 2020 deterritus
347 1995 424 2019 sese
443 1980 554 2018 dedit.
602 1981 717 2018 Hunc
732 1981 918 2018 Datames
933 1981 1103 2019 vinctum
1122 1980 1171 2019 ad
1190 1995 1314 2030 regem
1334 1982 1397 2020 du-

133 2048 294 2085 cendum
313 2047 429 2084 tradit
448 2044 693 2084 Mithradati.

603 2228 845 2266 CAPUT
882 2228 929 2264 V.

189 2309 222 2342 1.
242 2305 342 2342 HAEc
363 2304 455 2340 dum
473 2309 664 2351 geruntur,
686 2303 925 2346 Artaxerxes,
946 2302 1193 2346 reminiscens,
1215 2315 1239 2339 a
1256 2308 1397 2352 quanto

133 2369 228 2407 bello
258 2369 306 2406 ad
333 2381 448 2416 quam
475 2379 634 2416 parvam
662 2379 741 2403 rem
768 2354 974 2416 principem
1002 2364 1141 2403 ducum
1169 2366 1338 2409 misisset,
1359 2378 1397 2402 se

133 2433 208 2481 ipse
231 2431 465 2480 reprehendit
488 2436 525 2466 et
548 2429 725 2466 nuntium
748 2429 795 2466 ad
818 2429 1022 2466 exercitum
1042 2430 1149 2466 Acen
1167 2429 1279 2472 misit,
1300 2428 1394 2477 quod

134 2496 298 2532 noudum
318 2495 525 2531 Datamem
544 2492 751 2542 profectum
769 2493 940 2542 putabat,
957 2492 1020 2540 qui
1039 2491 1186 2533 diceret,
1203 2504 1249 2527 ne
1268 2489 1317 2527 ab
1335 2503 1382 2528 ex
