1575 2771
119 181 205 237 13.]
568 193 688 221 xvm.
721 192 933 220 ΕυΜΕΝΕε.
1329 184 1385 221 95

526 404 768 442 CAPUT
815 404 969 441 XIII.

172 482 204 515 1.
231 479 295 515 SIC
317 478 509 515 Eumenes
532 492 716 515 annorum
737 478 898 527 quinque
921 484 959 514 et
981 476 1242 526 quadraginta,
1263 488 1380 524 quum

114 542 162 579 ab
182 555 279 579 anno
295 542 480 586 vicesimo,
497 548 540 579 ut
559 555 672 591 supra
690 542 928 584 ostendimus,
945 547 1088 590 septem
1108 552 1223 576 annos
1238 538 1380 588 Philip-

113 619 159 655 po
183 605 424 655 apparuisset,
446 611 483 642 et
506 603 685 641 tredecim
714 604 815 654 apud
836 602 1100 641 Alexandrum
1128 603 1304 639 eumdem
1330 602 1380 638 lo·

113 681 202 705 cum
223 667 451 711 obtinuisset,
475 668 516 704 in
542 668 601 704 his
628 681 750 704 unum
775 668 947 716 equitum
970 668 1039 704 alae
1061 666 1277 717 praefuisset,
1297 671 1380 715 post

113 737 242 768 autem
261 729 470 767 Alexandri
490 731 627 779 Magni
649 737 810 768 mortem
832 731 1032 780 imperator
1055 730 1239 767 exereitus
1258 728 1379 766 duxis-

112 801 178 838 set,
195 808 432 844 summosque
451 793 563 831 duces
582 795 721 844 partim
739 795 945 844 repulisset,
963 794 1102 844 partim
1124 792 1378 836 interfecisset,

112 864 247 907 captus
264 872 339 895 non
354 858 536 906 Antigoni
552 858 703 901 virtute,
721 858 784 895 sed
798 856 1056 895 Macedonum
1074 856 1244 906 perjurio,
1262 857 1380 893 talem

112 921 249 959 habuit
264 922 409 958 exitum
423 922 522 958 vitae.
581 924 616 957 2.
638 921 686 957 In
701 935 772 969 quo
788 927 932 969 quanta
946 920 1059 957 fuerit
1074 920 1243 956 omnium
1258 919 1379 968 opinio

112 998 250 1028 eorum,
271 985 335 1033 qui
353 990 435 1033 post
454 984 717 1020 Alexandrum
738 984 930 1031 INIagnum
952 996 1055 1030 reges
1077 988 1164 1019 sunt
1188 982 1377 1031 appellati,

112 1061 160 1085 ex
186 1049 256 1085 hoc
278 1046 455 1084 facillime
477 1052 598 1096 potest
620 1046 793 1094 judicari,
815 1047 912 1095 quod
939 1059 1058 1089 nemo,
1084 1046 1257 1082 Eumene
1278 1045 1376 1089 vivo,

112 1124 177 1148 rex
199 1111 410 1160 appellatus
432 1115 498 1153 est,
520 1110 583 1146 sed
605 1109 823 1159 praefeetus3
881 1111 916 1146 3.
938 1108 1061 1146 Iidem
1083 1115 1166 1159 post
1188 1110 1300 1158 hujus
1322 1123 1378 1145 oe-

112 1187 242 1210 casum
262 1173 394 1210 statim
412 1172 556 1221 regium
575 1179 752 1210 ornatum
774 1186 982 1221 nomenque
1002 1179 1226 1216 sumserunt,
1246 1186 1377 1221 neque,

112 1235 210 1286 quod
225 1237 330 1273 initio
345 1235 604 1286 praedicarant,
621 1250 658 1273 se
674 1235 882 1273 Alexandri
901 1236 1026 1273 liberis
1040 1249 1199 1284 regnum
1218 1249 1376 1279 servare,

111 1306 287 1350 praestare
305 1300 516 1344 voluerunt,
534 1305 583 1343 et,
600 1313 674 1336 uno
694 1306 969 1349 propugnatore
985 1301 1142 1343 sublato,
1161 1300 1250 1348 quid
1269 1299 1378 1336 senti-

112 1369 204 1408 rent,
226 1369 461 1413 aperuerunt.
518 1363 646 1412 Hujus
669 1363 814 1400 sceleris
837 1364 1022 1413 principes
1044 1363 1199 1400 suerunt
1221 1363 1379 1411 Antigo-

112 1439 192 1470 nus,
213 1427 451 1470 Ptolemaeus,
475 1427 663 1469 Seleucus,
680 1427 944 1476 Lysimachus,
963 1425 1185 1464 Cassander.
1242 1429 1278 1463 4.
1300 1427 1379 1464 An-

112 1490 260 1538 tigonus
279 1496 408 1527 autem
427 1491 643 1527 Eumenem
660 1496 854 1527 mortuum
872 1490 1087 1540 propinquis
1105 1490 1185 1539 ejus
1204 1490 1379 1540 sepelien-

113 1551 206 1589 dum
221 1553 386 1590 tradidit.
433 1553 489 1590 Hi
503 1553 662 1590 militari
675 1554 829 1590 honesto
848 1553 987 1597 funere,
1005 1554 1210 1590 comitante
1225 1559 1303 1590 toto
1319 1566 1379 1590 ex-

113 1616 243 1659 ercitu,
267 1616 533 1659 humaverunt,
557 1629 709 1664 ossaque
737 1617 817 1664 ejus
845 1616 885 1652 in
913 1616 1197 1665 Cappadociam
1226 1616 1274 1652 ad
1300 1629 1379 1652 ma.-

114 1686 210 1717 trem
230 1685 342 1729 atque
360 1693 515 1716 uxorem
533 1679 737 1728 liberosque
757 1679 837 1727 ejus
856 1677 1086 1728 deportanda
1105 1684 1298 1716 curarunt.
