1575 2771
147 213 195 250 14
562 223 759 250 connum
791 222 966 249 NEPOTls
1338 207 1386 248 ¹8

557 428 798 466 CAPUT
836 428 984 465 VIII.

195 507 228 541 1.
251 505 393 541 TAMEN
412 517 487 540 non
505 503 638 551 effugit
653 503 794 540 civium
814 516 965 540 suorum
982 500 1176 539 invidiam.
1225 502 1403 552 Namque

137 567 184 605 ob
203 567 378 605 eumdem
394 568 576 611 timorem,
594 582 665 617 quo
681 566 883 605 damnatus
899 573 980 604 crat
997 565 1203 610 Miltiades,
1220 573 1404 605 testarum

137 632 321 680 suflragiis
357 646 377 668 e
414 632 570 668 civitate
607 632 758 680 ejectus,
797 633 920 680 Argos
955 630 1175 668 habitatum
1213 631 1402 668 ooncessit.

139 698 174 731 2.
204 696 280 732 Hic
302 709 420 744 quum
442 702 591 746 propter
613 697 755 733 multas
777 696 857 744 ejus
875 696 1034 732 virtutes
1056 708 1198 742 magna
1217 708 1306 732 cum
1329 693 1405 743 dig-

137 758 257 795 nitate
281 759 435 801 viveret,
461 757 739 796 Lacedaemonii
762 760 904 807 legatos
927 760 1102 795 Athenas
1124 758 1317 802 miserunt,
1343 758 1406 807 qui

138 834 225 858 eum
246 822 440 858 absentem
460 828 688 865 accusarent,
711 821 807 871 quod
827 822 1045 859 societatem
1065 836 1151 859 cum
1171 836 1255 870 rege
1276 823 1406 859 Persa-

137 898 223 921 rum
251 883 299 921 ad
328 885 518 921 Graeciam
548 884 831 934 opprimendam
858 885 1013 922 fecisset.
1072 887 1107 921 3.
1138 885 1223 921 Hoc
1251 885 1406 922 crimine

139 949 270 985 absens
296 947 513 997 proditionis
541 955 596 986 est
624 948 837 985 damnatus.
895 947 942 986 Id
969 955 1013 985 ut
1037 946 1193 991 audivit,
1215 947 1312 997 quod
1334 962 1407 985 non

138 1013 229 1050 satis
257 1020 385 1050 tutum
419 1027 456 1050 se
485 1013 598 1061 Argis
625 1012 789 1056 videbat,
822 1013 1025 1062 Corcyram
1053 1011 1290 1059 demigravit.
1348 1012 1405 1049 Ibi

138 1091 254 1126 quum
288 1077 367 1125 ejus
399 1077 583 1126 principes
616 1077 780 1113 civitatis
815 1075 1140 1113 animadvertisset
1183 1076 1326 1119 timere,
1361 1089 1408 1112 ne

138 1148 288 1190 propter
315 1155 352 1178 se
380 1140 522 1178 bellum
550 1141 608 1177 his
631 1139 908 1177 Lacedaemonii
937 1146 974 1176 et
997 1139 1247 1176 Athenienses
1274 1138 1408 1176 indice-

138 1211 246 1242 rent:
277 1203 325 1241 ad
349 1203 571 1248 Admetum,
597 1205 847 1241 Molossorum
869 1217 1007 1251 regem,
1029 1217 1116 1240 cum
1140 1217 1210 1252 quo
1234 1203 1267 1239 ei
1290 1203 1408 1252 hospi-

138 1269 236 1305 tium
256 1269 391 1313 suerat,
413 1268 591 1317 confugit.
640 1271 676 1305 4.
698 1268 788 1305 Huc
808 1281 925 1317 quum
945 1267 1116 1310 venisset,
1139 1273 1177 1305 et
1197 1267 1235 1303 in
1253 1280 1408 1316 praesen-

138 1336 194 1373 tia
220 1349 286 1372 rex
315 1335 470 1379 abesset,
492 1349 563 1384 quo
585 1335 727 1383 majore
749 1334 926 1382 religione
950 1347 987 1370 se
1010 1338 1204 1382 receptum
1226 1338 1406 1375 tueretur,

138 1400 257 1436 filiam
286 1400 365 1448 ejus
392 1400 594 1449 parvulam
623 1398 792 1447 arripuit,
817 1403 855 1435 et
884 1411 972 1434 cum
1001 1410 1046 1434 ea
1068 1410 1105 1434 se
1128 1397 1167 1433 in
1190 1397 1407 1439 sacrarium,

138 1462 236 1513 quod
255 1477 405 1500 summa
425 1462 619 1500 colebatur
638 1461 861 1504 caerimonia,
883 1461 1050 1509 conjecit.
1101 1459 1194 1497 Inde
1214 1474 1288 1496 non
1306 1460 1408 1509 prius

139 1541 305 1576 egressus
328 1533 394 1570 est,
416 1539 531 1575 quam
555 1539 620 1562 rex
642 1539 730 1562 eum
753 1524 845 1561 data
867 1523 1001 1561 dextra
1024 1525 1062 1560 in
1082 1522 1194 1560 fidem
1217 1524 1408 1573 reciperet:

139 1604 254 1640 quam
272 1590 460 1640 praestitit.
518 1592 553 1626 5.
585 1590 691 1626 Nam
714 1602 831 1638 quum
852 1587 899 1625 ab
919 1587 1213 1625 Atheniensibus
1232 1594 1270 1624 et
1290 1588 1407 1624 Lacc-

139 1652 329 1690 daemoniis
352 1659 613 1702 exposceretur
634 1651 793 1701 publice,
815 1651 1021 1700 supplicem
1044 1665 1118 1688 non
1139 1649 1311 1700 prodidit,
1331 1664 1408 1688 mo-

139 1717 306 1766 nuitque,
331 1723 375 1754 ut
399 1717 606 1753 consuleret
629 1715 720 1760 sibi;
752 1714 902 1752 difficile
926 1715 1026 1752 enim
1050 1728 1137 1758 esse,
1163 1714 1202 1751 in
1224 1721 1306 1752 tam
1329 1728 1408 1764 pro-

139 1782 275 1831 pinquo
299 1782 377 1817 loco
400 1787 483 1817 tuto
504 1794 591 1817 eum
610 1779 761 1816 versari.
820 1779 955 1827 Itaque
974 1777 1150 1827 Pydnam
1168 1791 1257 1815 eum
1278 1777 1407 1815 deduci

140 1845 264 1893 jussit,
287 1851 336 1887 et,
358 1843 456 1892 quod
474 1843 564 1880 satis
584 1849 678 1880 esset
697 1841 867 1891 praesidii,
889 1840 1002 1879 dedit.
1060 1844 1093 1878 6.
1116 1841 1192 1878 Hic
1211 1842 1250 1878 in
1269 1855 1406 1879 navem

139 1907 312 1944 omnibus
339 1907 489 1955 ignotus
511 1906 638 1943 nautis
662 1904 865 1943 adscendit.
923 1906 1017 1951 Quae
1041 1919 1159 1954 quum
1182 1911 1407 1954 tempestate

139 1972 309 2008 maxima
328 1972 487 2008 Naxum
508 1971 677 2013 ferretur,
698 1970 763 2007 ubi
786 1975 871 2006 tum
895 1969 1186 2006 Atheniensium
1205 1975 1287 2006 erat
1306 1983 1398 2006 exer-

139 2035 258 2073 citus:
289 2035 401 2072 sensit
426 2035 709 2078 Themistocles,
735 2034 762 2071 si
792 2047 833 2070 eo
856 2033 1091 2083 pervenisset,
1117 2032 1185 2070 sibi
1208 2046 1284 2070 esse
1306 2047 1405 2082 pere-

139 2097 295 2136 undum.
344 2099 430 2135 Hac
450 2098 670 2135 necessitate
690 2104 840 2135 coactus
859 2096 1008 2134 domino
1026 2097 1144 2140 navis,
1156 2097 1238 2145 quis
1256 2098 1310 2138 sit,
1322 2110 1406 2146 ape-

138 2161 198 2204 rit,
220 2161 343 2197 multa
362 2161 549 2209 pollicens,
567 2160 595 2197 si
619 2174 656 2197 se
677 2166 940 2197 conservasset.
990 2161 1024 2196 7.
1046 2161 1102 2196 At
1121 2160 1193 2203 illc,
1211 2159 1404 2196 clarissimi

139 2224 209 2261 viri
237 2230 370 2273 captus
397 2223 659 2267 misericordia,
681 2223 781 2260 diem
809 2230 1030 2273 noctemque
1057 2224 1184 2273 procul
1213 2223 1261 2260 ab
1284 2223 1406 2261 insula

139 2288 177 2325 in
205 2289 281 2325 salo
309 2302 447 2324 navem
475 2288 598 2325 tenuit
626 2288 665 2325 in
694 2288 846 2332 ancoris,
877 2301 997 2337 neque
1025 2301 1252 2337 quemquam
1282 2302 1328 2325 cx
1361 2302 1405 2326 ea

139 2351 239 2388 exire
258 2365 386 2400 passus
405 2358 472 2388 cst.
522 2350 616 2388 Inde
636 2352 832 2401 Ephesum
851 2352 1032 2401 pervenit,
1054 2351 1178 2401 ibique
1195 2352 1404 2390 Themisto-

141 2415 236 2452 clem
255 2415 406 2465 exponit
423 2428 430 2452 :
461 2415 520 2453 cui
540 2416 602 2452 ille
621 2429 686 2464 pro
706 2416 848 2452 meritis
867 2415 1030 2462 gratiam
1050 2422 1178 2465 postca
1196 2415 1338 2453 retulit.
