1575 2771
142 221 195 260 36
564 230 759 257 (3011Νο1111
791 227 979 255 NEPOTIS.
1228 213 1316 268 [10‚
1338 219 1401 257 11.

141 327 208 359 set.
264 321 402 366 Quare,
427 320 456 357 si
479 332 564 356 suas
591 332 648 355 res
675 323 800 365 gestas
826 330 978 353 manere
1000 316 1123 360 vellet,
1147 317 1256 353 illum
1283 330 1401 366 perse-

141 390 326 433 queretur.
385 387 419 420 2.
450 383 522 420 His
545 383 649 419 Laco
671 382 780 417 rebus
803 386 1009 416 commotus
1032 380 1166 416 statuit
1190 386 1402 417 accuratius

141 447 209 484 sibi
233 446 420 495 agendum
443 460 530 483 011111
549 445 808 481 Pharnabazo.
865 443 966 480 Huic
989 457 1074 491 ergo
1097 443 1299 486 renuntiat,
1321 457 1401 491 qua}

142 511 220 559 regi
239 524 327 548 cum
342 508 637 547 Lacedaemoniis
656 513 786 550 essent,
804 507 911 543 irrita
926 507 1063 549 sutum,
1081 506 1151 542 nisi
1166 506 1400 543 Alcibiadem

142 574 273 611 vivum
292 580 358 610 aut
376 578 568 609 mortuum
587 569 809 608 tradidisset.
867 572 902 605 3.
930 570 971 605 N
973 583 1020 606 on
1035 569 1123 606 tulit
1137 569 1207 606 hoc
1222 575 1400 618 satrapes,

141 644 178 674 ct
198 638 337 674 violare
357 635 606 678 clementiam,
629 647 742 683 quam
761 633 857 681 regis
879 646 964 681 opes
982 633 1102 669 minui
1120 632 1267 669 maluit.
1325 633 1402 669 Ita-

144 714 213 748 que
235 700 337 736 misit
358 699 622 736 Susamithren
643 703 681 733 et
702 697 885 744 Bagaeum
908 694 955 732 ad
975 694 1211 732 Alcibiadem
1230 696 1402 733 interfici-

143 762 291 806 endum,
313 775 429 810 quum
451 762 514 797 ille
537 767 631 797 esset
655 760 694 796 in
715 759 891 807 Phrygia,
916 759 1059 807 iterque
1088 758 1136 796 ad
1158 773 1284 807 regem
1307 773 1402 797 com-

142 831 303 874 pararet.
360 827 396 860 4.
427 824 536 860 Missi
564 824 663 859 clam
690 822 889 865 vicinitati,
914 822 954 858 111
981 836 1056 870 qua
1082 828 1166 859 tum
1189 822 1403 860 Alcibiades

143 894 234 932 erat,
258 886 350 924 dant
378 887 580 935 negotium,
601 892 644 922 ut
671 899 758 922 eum
785 885 1025 921 interficiant.
1081 885 1144 922 Illi
1172 899 1289 934 quum
1316 900 1403 923 eum

143 951 234 988 ferro
269 949 419 998 aggredi
446 964 519 987 non
548 948 738 992 auderent,
768 954 881 985 noctu
908 948 1012 996 ligna
1040 950 1278 986 contulerunt
1305 950 1403 987 circa

144 1028 271 1051 casam
303 1027 398 1057 eam,
428 1013 468 1050 111
495 1026 570 1061 qua
597 1011 820 1061 quiescebat,
850 1025 1007 1060 eamque
1036 1011 1331 1050 succenderunt:
1360 1019 1404 1050 ut

143 1076 310 1114 incendio
333 1077 566 1119 conficerent,
588 1089 699 1124 quem
721 1089 838 1112 manu
861 1075 1026 1124 superari
1048 1088 1152 1124 posse
1171 1074 1400 1113 diffidebant.

145 1145 179 1179 5.
202 1143 272 1180 Ille
293 1149 420 1179 autem
438 1148 483 1178 ut
502 1142 624 1178 sonitu
643 1141 807 1178 flammae
827 1146 883 1177 est
903 1141 1097 1184 excitatus,
1120 1142 1188 1178 etsi
1207 1141 1352 1190 gladius
1371 1143 1404 1180 ei

144 1212 225 1242 erat
244 1204 458 1249 subductus,
475 1204 669 1241 familiaris
688 1204 744 1240 sui
759 1204 931 1241 subalare
951 1205 1070 1241 telum
1089 1205 1235 1254 eripuit.
1283 1206 1404 1243 Nam-

144 1283 213 1318 que
236 1274 317 1306 erat
340 1282 428 1305 cum
450 1282 492 1305 eo
514 1267 668 1317 quidam
690 1281 737 1305 ex
759 1266 925 1304 Arcadia
946 1268 1087 1317 hospes,
1109 1269 1172 1317 qui
1195 1283 1404 1319 numquam

144 1331 327 1369 discedere
342 1333 523 1369 voluerat.
581 1332 695 1368 Hunc
715 1331 816 1380 sequi
836 1345 873 1367 se
888 1332 1007 1380 jubet,
1026 1338 1063 1369 et
1082 1331 1129 1375 id,
1148 1331 1244 1381 quod
1262 1333 1302 1370 in
1315 1347 1405 1382 prm·-

144 1396 264 1433 sentia
286 1395 594 1432 vestimentorum
616 1395 697 1438 fuit,
723 1395 892 1443 arripuit.
948 1395 1021 1431 His
1048 1395 1087 1432 in
1113 1395 1239 1443 ignem
1267 1396 1403 1445 ejectis,

144 1459 308 1496 flammae
328 1458 407 1495 vim
425 1458 586 1495 transiit.
646 1460 680 1494 6.
711 1458 837 1503 Quem
852 1464 896 1494 ut
914 1457 1065 1494 barbari
1082 1457 1297 1496 incendium
1316 1460 1404 1496 effu-

144 1522 238 1570 gisse
265 1520 450 1565 viderunt,
480 1521 564 1558 telis
593 1521 739 1558 eminus
771 1521 891 1557 missis
923 1521 1189 1558 interfecerunt
1218 1528 1405 1571 caputque

145 1586 223 1633 ejus
247 1584 294 1622 ad
313 1585 606 1621 Pharnabazum
628 1585 848 1621 retulerunt.
905 1585 960 1621 At
983 1585 1128 1628 mulier,
1149 1599 1230 1634 quae
1254 1599 1340 1622 011111
1363 1600 1405 1622 00

144 1648 270 1685 vivere
298 1654 502 1692 consuerat,
522 1647 696 1684 muliebri
724 1660 793 1684 sua
814 1653 916 1684 veste
944 1654 1157 1684 contectum
1185 1646 1331 1685 aedificii
1352 1649 1405 1685 in-

145 1710 272 1748 cendio
301 1716 496 1748 mortuum
528 1710 720 1754 cremavit,
750 1708 848 1759 quod
876 1708 924 1747 ad
950 1710 1083 1747 vivum
1114 1709 1405 1748 interimendum

145 1780 226 1811 erat
259 1779 530 1823 comparatum.
589 1773 651 1811 Sic
678 1772 903 1817 Alcibiades,
934 1787 1049 1810 annos
1076 1773 1222 1811 circiter
1249 1773 1404 1824 quadra-

144 1839 251 1887 ginta
268 1846 392 1883 natus,
413 1838 512 1875 diem
530 1839 621 1876 obiit
641 1851 867 1887 supremum.

594 2021 835 2059 CAPUT
872 2022 958 2059 XI.

201 2098 232 2132 1.
263 2095 379 2132 HUNc
408 2094 637 2133 infamatum
664 2109 687 2132 a
709 2096 891 2145 plerisque
913 2102 987 2133 tres
1009 2096 1219 2145 gravissimi
1240 2097 1403 2136 historici

144 2157 300 2194 summis
318 2156 492 2195 laudibus
511 2159 726 2195 extulerunt
742 2172 749 2196 ;
779 2158 1029 2209 Thucydides,
1050 2160 1113 2209 qui
1132 2159 1297 2208 ejusdem
1317 2168 1404 2199 aeta-

144 2221 192 2258 tis
211 2221 281 2257 fuit
298 2233 305 2265 ;
331 2221 604 2271 Theopompus,
621 2221 684 2270 qui
702 2228 784 2270 post
804 2222 995 2271 aliquanto
1014 2229 1137 2267 natus,
1159 2230 1196 2261 et
1212 2224 1379 2261 Timaeus
1395 2238 1402 2262 t

144 2283 208 2333 qui
235 2282 386 2332 quidem
413 2282 487 2321 duo
513 2283 867 2328 maledicentissimi,
888 2286 1009 2322 nescio
1038 2300 1108 2335 quo
1135 2285 1255 2330 modo,
1276 2287 1316 2324 in
1342 2288 1404 2325 illo

144 2360 217 2384 uno
236 2345 423 2384 laudando
442 2347 686 2385 conscierunt.
745 2350 780 2385 2.
809 2348 989 2397 Namque
1008 2363 1064 2393 ca,
1084 2363 1165 2398 quoe
1185 2363 1296 2399 supra
1314 2348 1404 2387 (11111-

146 2423 241 2454 mus,
258 2409 304 2448 de
323 2424 364 2448 eo
383 2410 643 2460 praedicarunt,
666 2417 780 2460 atque
799 2412 868 2448 hoc
888 2412 1048 2461 amplius
1064 2425 1071 2450 :
1095 2426 1211 2461 quum
1230 2413 1401 2457 Athenis,

145 2472 440 2521 splendidissima
457 2474 623 2519 civitate,
643 2481 757 2512 natus
776 2481 881 2518 esset,
903 2489 1030 2512 omnes
1049 2474 1238 2524 splendore
1261 2489 1305 2513 ac
1327 2475 1402 2524 dig-
