1575 2771
142 170 182 214 3,
202 166 264 222 4.]
605 179 711 206 xxii.
737 179 966 206 HAMILCAR.
1336 172 1413 209 107

140 269 370 306 mentionem
398 268 564 312 fecimus,
593 267 700 318 quod,
728 269 949 305 Hamilcare
979 268 1108 311 occiso,
1140 269 1207 312 ille„
1233 270 1415 308 exercitui

139 332 301 383 praefuit,
322 347 447 382 resque
467 346 626 382 magnas
645 332 768 381 gessit,
785 339 822 369 et
841 333 1012 382 princeps
1030 331 1228 380 largitione
1247 339 1415 371 vetustos

138 398 320 447 pervertit
339 411 459 435 mores
479 396 874 445 Carthaginiensium3
900 397 1140 445 ejusdemque
1154 402 1238 445 post
1253 402 1414 434 mortem

137 460 338 499 Hannibal
356 460 405 499 ab
424 461 591 499 exercitu
612 461 755 510 accepit
775 460 987 510 imperium.

591 643 833 681 CAPUT
872 643 954 681 IV.

193 712 225 745 1.
246 709 310 746 AT
325 707 536 752 Hamilcar,
553 713 801 757 posteaquam
818 721 924 745 mare
943 708 1094 746 transiit
1114 708 1154 746 in
1168 708 1411 759 Hispaniam-

133 785 206 821 que
225 771 340 815 venit,
357 785 518 820 magnas
537 785 594 808 res
614 770 776 808 secunda
795 772 908 820 gessit
928 772 1103 809 fortuna:
1128 773 1319 810 maximas
1338 774 1410 811 bel-

134 835 444 884 licosissimasque
472 842 600 884 gentes
628 836 798 884 subegit;
829 836 942 885 equis,
975 836 1099 880 armis,
1124 836 1224 880 viris,
1251 838 1412 886 pecunia

133 906 255 937 totam
277 899 523 949 locupletavit
543 899 726 936 Africam.
786 902 821 935 2.
852 900 929 936 Hie
952 913 1070 949 quum
1092 900 1133 936 in
1156 900 1311 937 Italiam
1337 902 1411 938 bel-

133 964 216 1000 lum
230 963 363 1000 inferre
382 963 640 1006 meditaretur,
658 976 754 999 nono
771 976 869 999 anno
885 968 979 1011 post,
996 976 1112 1011 quam
1127 963 1167 999 in
1181 963 1411 1012 Hispaniam

132 1032 299 1069 venerat,
329 1026 370 1062 in
396 1026 523 1075 proelio
550 1039 723 1074 pugnans
753 1024 930 1063 adversus
958 1025 1140 1063 Vettones
1173 1026 1313 1064 occisus
1341 1034 1407 1064 est.

133 1092 169 1127 3.
199 1090 328 1139 Hujus
350 1096 575 1139 perpetuum
603 1089 731 1126 odium
758 1103 848 1138 erga
871 1090 1068 1127 Romanos
1095 1090 1263 1127 maxime
1292 1091 1410 1129 conei-

133 1160 231 1192 tasse
246 1152 397 1191 videtur
415 1152 622 1191 seeundum
640 1154 784 1191 bellum
803 1153 1005 1191 Punicum.
1062 1154 1243 1203 Namque
1262 1155 1409 1192 Hanni-

133 1214 207 1260 bal,
227 1215 328 1252 filius
347 1216 436 1264 ejus,
459 1214 615 1253 assiduis
638 1216 756 1266 patris
779 1215 1092 1254 obtestationibus
1115 1231 1156 1254 eo
1179 1224 1235 1255 est
1254 1216 1408 1268 perduc-

135 1286 205 1323 tus,
226 1286 270 1317 ut
289 1280 450 1324 interire,
472 1293 589 1330 quam
608 1280 804 1318 Romanos
823 1294 898 1318 non
917 1281 1076 1332 experiri
1094 1282 1239 1319 mallet.
