1575 2771
419 453 519 509 XI.
591 449 1202 507 IPHIGRATES.

654 647 896 685 CAPUT
934 647 967 684 I.

234 728 265 759 1.
292 724 535 766 Ipfflcnusss
560 723 811 766 Atheniensis,
833 736 908 759 non
929 729 1012 759 tam
1034 720 1296 770 magnitudine
1319 733 1444 757 rerum

177 794 380 835 gestarum,
412 800 528 835 quam
560 785 756 835 disciplina
787 786 944 823 militari
975 785 1193 823 nobilitatus
1226 791 1292 822 est.
1350 783 1444 821 Fuit

177 851 278 887 enim
296 851 383 887 talis
403 849 491 894 dux,
508 856 552 887 ut
572 864 646 887 non
668 851 788 893 solum
807 850 929 886 aetatis
949 863 1024 886 suae
1044 863 1132 886 cum
1149 849 1279 899 primis
1297 861 1444 898 compa.-

176 921 333 958 raretur,
354 913 418 951 sed
436 927 483 951 ne
503 913 548 951 de
570 914 774 962 majoribus
793 920 889 950 natu
907 912 1057 963 quidem
1077 913 1274 963 quisquam
1295 918 1445 961 antepo-

176 985 336 1015 neretur.
395 981 430 1014 2.
462 978 637 1014 Multum
659 991 747 1014 vero
774 977 814 1014 in
840 977 937 1014 bello
965 984 1021 1015 est
1043 984 1214 1014 versatus
1229 989 1237 1021 ;
1267 989 1363 1026 saepe
1385 989 1446 1014 ex-

177 1041 352 1079 ercitibus
384 1041 555 1090 praefiiit3
594 1054 782 1090 nusquam
819 1041 930 1090 culpa
962 1054 1030 1077 sua
1061 1041 1161 1077 male
1194 1053 1275 1077 rem
1307 1040 1443 1088 gessit3

176 1119 321 1154 semper
335 1105 484 1142 consilio
497 1105 599 1148 Vicit,
614 1111 839 1153 tantumque
855 1118 896 1141 eo
910 1105 1043 1148 valuit,
1057 1111 1100 1141 ut
1115 1105 1240 1141 multa
1255 1104 1294 1140 in
1308 1117 1348 1140 re
1363 1104 1445 1141 mil-

176 1169 264 1205 itari
283 1169 423 1218 partim
438 1182 536 1205 nova
551 1168 734 1211 attulerit,
751 1168 893 1217 partim
907 1169 1066 1207 meliora
1078 1168 1217 1204 fecerit.
1267 1169 1302 1204 3.
1324 1167 1444 1204 Nam-

176 1246 247 1282 que
265 1233 328 1270 ille
347 1233 533 1282 pedestria
553 1245 660 1269 arma
678 1233 857 1276 mutavit,
879 1245 996 1281 quum
1016 1238 1104 1268 ante
1123 1232 1232 1268 illurn
1249 1231 1447 1280 imperato-

176 1311 256 1335 rem
275 1297 452 1334 maximis
471 1297 619 1347 clypeiS,
636 1295 813 1334 brevibus
831 1296 960 1339 hastis,
978 1296 1134 1333 minutis
1149 1295 1283 1344 gladiis
1301 1302 1448 1332 uteren-

177 1367 250 1398 tur.
299 1364 334 1397 4.
353 1361 424 1398 Ille
440 1374 459 1397 e
476 1361 660 1398 contrario
675 1361 820 1410 peltam
837 1374 904 1410 pro
922 1374 1057 1410 parma
1071 1360 1158 1397 fecit
1173 1359 1214 1411 (a
1229 1374 1300 1409 quo
1319 1365 1449 1409 postea

177 1425 399 1461 πελτασταὶ
427 1425 570 1474 pedites
599 1425 865 1476 appellantur),
889 1431 934 1461 ut
957 1423 1005 1461 ad
1027 1431 1153 1461 motus
1176 1437 1448 1472 concursusque

177 1495 298 1525 essent
316 1489 482 1525 leviores.
531 1488 664 1525 Hastae
683 1486 840 1525 modum
855 1486 1063 1537 duplicavit
1078 1500 1087 1533 3
1111 1486 1253 1536 gladios
1267 1487 1448 1536 longiores

177 1552 274 1590 fecit.
332 1551 442 1589 Idem
474 1565 590 1601 genus
617 1552 818 1589 loricarum
845 1552 1013 1589 mutavit
1041 1559 1079 1589 et
1106 1565 1171 1601 pro
1200 1551 1306 1589 sertis
1334 1558 1447 1600 atque

177 1617 287 1653 aeneis
305 1617 441 1654 linteas
460 1615 572 1653 dedit.
630 1616 714 1661 Quo
733 1616 832 1653 facto
852 1615 1096 1665 expeditiores
1118 1615 1256 1653 milites
1273 1613 1444 1652 reddidit.

177 1681 284 1718 Nam
311 1679 472 1730 pondere
499 1679 679 1724 detracto,
709 1679 808 1730 quod
835 1694 938 1729 aeque
969 1693 1100 1729 corpus
1127 1686 1270 1728 tegeret
1298 1685 1337 1717 et
1364 1679 1448 1717 leve

177 1752 283 1789 esset,
305 1745 466 1782 curavit.

637 1927 880 1965 CAPUT
918 1928 984 1965 ΙΙ.

234 2006 266 2039 1.
289 2003 457 2040 BELLmt
476 2016 564 2039 cum
580 2003 794 2040 Thracibus
809 2003 923 2052 gessit
939 2016 947 2048 ;
975 2004 1153 2047 Seuthen,
1171 2004 1313 2042 socium
1329 2005 1447 2042 Athe-

176 2066 372 2110 niensium,
397 2067 436 2104 in
458 2080 617 2116 regnum
639 2067 816 2104 restituit.
874 2065 989 2117 Apud
1013 2067 1240 2105 Corinthum
1263 2075 1374 2106 tanta
1395 2083 1447 2106 se-

177 2131 338 2168 veritate
361 2131 541 2168 exercitui
562 2131 722 2181 praefuit,
742 2138 787 2168 ut
809 2132 922 2168 nullae
949 2145 1133 2180 umquam
1155 2131 1195 2168 in
1215 2132 1364 2169 Graecia
1385 2145 1447 2169 ne-

178 2209 248 2245 que
267 2195 543 2232 exercitatiores
563 2195 686 2245 copiae,
703 2209 822 2245 neque
842 2195 962 2244 magis
977 2193 1076 2232 dicto
1097 2195 1291 2232 audientes
1306 2195 1447 2234 fuerint

177 2257 287 2303 duci;
345 2261 380 2295 2.
411 2259 459 2296 In
495 2273 653 2308 eamque
690 2257 998 2296 consuetudinem
1036 2257 1204 2302 adduxit,
1239 2266 1293 2301 ut,
1328 2273 1446 2309 quum

176 2323 295 2372 proelii
318 2323 467 2371 signum
492 2323 539 2360 ab
564 2323 790 2373 imperatore
815 2329 910 2359 esset
935 2321 1080 2366 datum,
1102 2323 1179 2360 sine
1206 2321 1312 2360 ducis
1334 2337 1446 2373 opera

177 2387 228 2424 sic
247 2385 425 2424 ordinatae
443 2387 694 2429 consisterent,
712 2393 755 2423 ut
771 2386 907 2435 singuli
924 2385 972 2423 ab
987 2386 1209 2436 peritissimo
1223 2386 1445 2435 imperatore

176 2449 341 2500 dispositi
360 2449 586 2488 viderentur.
645 2453 679 2487 3.
711 2450 795 2487 Hoc
814 2450 981 2487 exercitu
1001 2463 1147 2487 moram
1167 2448 1444 2487 Lacedaemoni-
