1575 2771
179 213 233 249 44
603 221 796 248 comvnnu
829 221 1015 246 NEPOTIS.
1379 205 1437 261 [5.

178 310 317 358 augeri,
335 323 450 359 quam
469 309 565 357 regis
583 309 731 346 maluit.
779 309 886 345 Nam
905 321 1022 357 quum
1041 320 1221 356 magnam
1241 308 1439 345 auctorita-

176 379 257 411 tem
275 373 346 410 sibi
367 387 494 423 pugna
513 374 579 410 issa.
597 372 736 415 navali,
753 385 869 420 quam
889 370 989 421 apud
1009 370 1175 408 Cnidum
1193 371 1342 416 fecerat,
1359 386 1441 409 con-

176 437 358 474 stituisset
385 450 459 473 non
487 438 606 473 solum
633 436 730 472 inter
751 434 938 478 barbaros,
960 433 1024 471 sed
1051 435 1169 472 etiam
1192 449 1320 472 omnes
1339 435 1441 473 Grae-

176 501 242 538 ciae
261 501 444 543 civitates,
462 501 560 536 clam
580 498 668 537 dare
687 513 838 549 operam
858 499 977 549 coepit,
994 505 1038 536 ut
1052 499 1201 536 Ioniam
1220 506 1257 537 et
1271 500 1442 537 AEoliam

175 564 387 601 restitueret
405 563 708 600 Atheniensibus.
765 565 800 599 3.
832 561 879 599 Id
897 575 1015 611 quum
1033 562 1158 599 minus
1176 561 1371 610 dssigenter
1390 576 1442 599 es-

177 633 232 664 set
251 628 426 670 celatum,
449 626 658 670 Tiribaws,
679 626 743 675 qui
764 625 943 663 Sardibus
961 631 1129 675 praeerat,
1149 625 1341 663 Cononem
1360 625 1441 663 ev'o-

176 690 290 734 oavit,
311 691 502 734 simulans,
525 689 573 727 ad
599 704 725 738 regem
752 703 839 727 eum
867 703 904 727 se
931 690 1081 727 mittere
1109 691 1206 727 velle
1232 704 1374 738 magna
1397 691 1442 728 de

176 767 226 790 re.
274 754 401 801 Hujus
419 754 551 790 nuntio
566 767 700 803 parens
715 767 832 802 quum
846 754 1016 797 venisset,
1034 754 1073 790 in
1087 754 1241 791 vincula
1254 754 1442 802 conjectus

175 822 241 859 est,
262 817 302 852 in
329 815 463 864 quibus
492 815 724 865 aliquamdiu
746 816 829 853 fuit.
886 819 922 853 4.
953 816 1047 853 Inde
1076 817 1246 854 nonnufli
1277 831 1363 854 eum
1394 815 1442 854 ad

176 892 301 927 regem
321 878 529 917 abductum
547 881 671 929 ibique
690 881 825 930 perisse
847 882 1030 930 scriptum
1048 882 1288 931 reliquerunt.
1346 883 1442 920 Con-

175 950 237 980 tra
259 957 304 980 ea
326 944 453 980 Dinon
475 945 679 988 historicus,
703 945 762 981 oui
784 959 849 982 nos
867 945 1076 994 plurimum
1094 944 1140 982 de
1159 945 1316 983 Persicis
1333 946 1442 983 rebus

176 1007 370 1050 credimus,
389 1007 566 1055 effugisse,
584 1008 728 1057 scripsit
744 1021 750 1044 :
780 1007 875 1044 fflud
894 1007 1100 1053 addubitat,
1117 1015 1247 1046 utrum
1266 1009 1442 1047 Tiribazo

177 1071 325 1115 sciente,
349 1084 398 1108 an
416 1071 661 1121 imprudente,
670 1072 717 1108 sit
737 1071 892 1109 sactum.
