1575 2771
366 456 505 513 VII.
578 455 1182 514 ALCIBIADES.

614 652 857 689 CAPUT
897 653 929 689 I.

196 730 212 763 1
250 727 498 770 Amnummzs,
517 726 650 763 Cliniae
670 726 779 770 filius,
797 726 1049 763 Atheniensis.
1098 726 1146 763 In
1164 727 1235 763 hoc
1254 732 1404 771 natura,

140 788 226 838 quid
260 790 405 827 efficere
434 790 558 839 possit,
589 789 738 827 videtur
766 799 933 839 experta.
992 791 1152 828 Constat
1180 791 1281 827 enim
1309 791 1407 828 inter

138 867 275 896 omneS‚
297 853 359 903 qui
382 852 426 890 (le
449 867 491 890 eo
513 854 700 890 memor-ize
723 852 977 902 prodiderunt,
1002 854 1098 891 nihil
1120 854 1183 890 illo
1206 854 1318 891 fuisse
1346 868 1402 891 ex-

138 917 342 962 cellentius,
364 917 424 953 vel
445 917 485 954 in
503 918 615 960 vitiis,
636 918 697 954 vel
719 918 758 954 111
777 917 993 954 virtutibus.
1052 920 1087 953 2.
1118 918 1248 954 Natus
1266 917 1306 953 in
1329 931 1406 953 am-

137 983 304 1031 plissima,
325 981 490 1023 civitate,
512 994 659 1017 summo
682 994 826 1028 genere,
848 981 1018 1017 omnium
1041 980 1164 1016 aetatis
1186 994 1261 1016 suae
1284 981 1405 1017 multo

137 1046 428 1089 formosissimus,
447 1044 494 1082 ad
510 1058 637 1082 omnes
652 1058 709 1081 res
725 1050 846 1093 aptus,
865 1044 1078 1092 consiliique
1093 1044 1236 1092 plenus.
1285 1043 1406 1080 Nam-

136 1123 208 1158 que
235 1109 439 1159 imperator
465 1108 538 1146 fuit
566 1122 736 1145 summus
763 1113 801 1145 et
829 1107 926 1144 mari
955 1113 993 1144 et
1016 1113 1140 1152 terra3
1171 1105 1340 1151 disertus,
1362 1113 1405 1144 ut

136 1173 319 1222 imprimis
338 1171 492 1210 dicendo
510 1173 665 1215 valeret,
687 1170 784 1220 quod
803 1178 915 1208 tanta
934 1177 1015 1208 erat
1035 1169 1311 1207 commendatio
1334 1170 1405 1207 oris

138 1243 251 1286 atque
270 1236 455 1280 orationis,
472 1242 517 1273 ut
534 1249 644 1273 nemo
664 1235 698 1272 ei
717 1234 872 1273 dicendo
891 1241 1013 1284 posset
1033 1234 1201 1271 resistere
1217 1246 1224 1279 ;
1274 1236 1309 1270 3.
1332 1234 1406 1270 De-

136 1299 233 1344 inde,
263 1314 381 1349 quum
412 1306 562 1349 tempus
593 1305 768 1349 posceret,
799 1299 1013 1342 laboriosus,
1042 1298 1199 1347 patiens,
1229 1296 1403 1341 liberalis,

137 1362 350 1413 splendidus
376 1377 451 1401 non
477 1363 602 1400 minus
629 1363 669 1400 in
696 1363 787 1406 vita,
809 1376 925 1411 quam
946 1362 1076 1407 victu;
1108 1361 1276 1404 affabilis,
1301 1360 1404 1397 blan-

137 1426 217 1471 dus,
238 1427 467 1477 temporibus
489 1425 726 1464 callidissime
745 1426 960 1463 inserviens.
1018 1428 1054 1461 4.
1086 1423 1206 1468 Idem,
1229 1424 1341 1461 simul
1361 1438 1404 1460 ae

137 1505 175 1528 se
193 1491 398 1535 remiserat,
413 1504 534 1540 neque
553 1504 668 1527 causa
686 1489 849 1533 suberat,
868 1503 982 1538 quare
1004 1488 1122 1526 animi
1140 1489 1306 1525 laborem
1325 1501 1403 1537 per-

136 1555 258 1599 ferret,
282 1555 504 1598 luxuriosus,
534 1552 744 1597 dissolutus,
769 1551 996 1596 libidinosus,
1021 1552 1276 1601 intemperans
1303 1564 1403 1600 repe-

136 1617 315 1661 riebatur,
331 1624 376 1654 ut
395 1631 523 1654 omncs
542 1616 830 1660 admirarentur,
848 1616 887 1652 in
901 1630 974 1653 uno
989 1615 1140 1652 homine
1156 1621 1308 1652 tantam
1326 1626 1403 1651 esse

136 1679 486 1725 dissimilitudinem,
507 1687 662 1729 tamque
685 1678 873 1716 diversam
892 1685 1083 1716 naturam.

594 1862 836 1900 CAPUT
875 1862 943 1899 ΙΙ.

190 1943 221 1977 1.
252 1939 460 1977 EDUCATUS
479 1944 534 1976 est
553 1937 593 1975 in
612 1936 720 1975 domo
741 1936 878 1974 Pericli
898 1934 1108 1987 (privignus
1128 1936 1229 1973 enim
1249 1936 1328 1984 ejus
1346 1936 1401 1974 fu-

131 2004 200 2041 isse
220 2002 383 2054 dicitur),
405 2001 573 2039 eruditus
597 2015 621 2038 a
641 2002 806 2038 Socrate.
861 2001 1041 2037 Socerum
1063 1999 1200 2036 habuit
1219 1999 1400 2049 Hipponi-

131 2081 229 2111 cum,
251 2067 421 2104 omnium
440 2067 577 2104 Graeca
594 2066 726 2114 lingua
744 2066 978 2115 loquentium
997 2064 1278 2109 divitissimum,
1295 2072 1350 2110 ut,
1369 2065 1397 2103 si

129 2131 207 2180 ipse
229 2131 367 2179 fingere
389 2131 515 2174 vellet,
539 2143 659 2179 neque
686 2130 797 2179 plura
823 2128 923 2166 bona
949 2129 1148 2172 reminisci,
1172 2142 1293 2177 neque
1320 2142 1394 2165 ma·

131 2194 216 2243 jora
233 2199 356 2244 posset
375 2193 559 2243 consequi,
576 2206 692 2243 quam
711 2193 773 2230 vel
791 2192 943 2230 fortuna.
961 2193 1024 2230 vel
1041 2198 1181 2229 natura
1199 2191 1391 2229 tribuerat„
