1575 2771
361 546 568 604 XVII.
639 544 1190 601 AGESILAUS.

619 761 863 798 CAPUT
901 762 934 798 Ι.

204 838 235 870 1.
257 835 486 877 Aensmws,
503 834 823 877 Lacedaemonius,
840 848 958 883 quum
973 847 996 870 a
1010 834 1140 871 ceteris
1159 834 1408 883 scriptoribus,

149 903 232 933 tum
246 896 382 932 eximie
399 910 422 933 a
433 897 683 945 Xenophonte
701 896 888 933 Socratico
903 897 1137 933 collaudatus
1151 903 1206 933 est
1221 909 1229 940 ;
1254 910 1295 932 eo
1310 897 1410 933 enim

149 973 236 996 usus
254 966 309 996 est
328 959 628 996 familiarissime.
688 962 722 996 2.
748 960 824 996 Hic
839 960 1006 1009 primum
1024 958 1070 996 de
1088 973 1199 1007 regno
1215 972 1302 996 cum
1317 959 1411 996 Leo-

147 1023 307 1071 tychide,
329 1022 455 1059 fratris
477 1022 563 1065 filio,
585 1023 719 1059 habuit
743 1023 1030 1059 contentionem.
1086 1023 1174 1058 BIos
1193 1029 1247 1058 est
1267 1022 1368 1058 enim
1388 1035 1411 1058 a

148 1086 350 1133 majoribus
373 1085 669 1122 Lacedaemoniis
691 1083 862 1128 traditus,
884 1091 928 1121 ut
956 1083 1046 1121 duos
1065 1085 1245 1122 haberent
1268 1098 1412 1133 semper

148 1162 259 1196 reges,
280 1149 429 1184 nomine
448 1149 578 1196 magis,
599 1161 714 1196 quam
736 1148 901 1196 imperio,
922 1161 969 1184 ex
987 1146 1134 1184 duabus
1152 1147 1305 1184 familiis
1323 1148 1411 1183 Pro-

149 1212 197 1248 cli
211 1218 248 1248 et
263 1212 523 1260 Euri-sthenis,
541 1211 602 1259 qui
618 1211 801 1259 principes
820 1224 867 1247 ex
885 1211 1058 1260 progenie
1073 1210 1248 1246 Herculis
1267 1210 1412 1258 Spartae

150 1286 250 1323 reges
265 1275 428 1311 fuerunt.
482 1276 517 1311 3.
539 1274 689 1311 Horum
704 1287 750 1311 ex
765 1275 884 1310 altera
898 1274 938 1310 in
954 1274 1106 1310 alterius
1122 1273 1273 1310 samiliae
1288 1274 1412 1309 locum

149 1339 228 1374 fieri
249 1352 324 1374 non
346 1337 495 1374 licebat.
552 1338 687 1386 Itaque
709 1344 870 1386 utraque
893 1351 1003 1374 suum
1025 1337 1210 1373 retinebat
1234 1334 1410 1372 ordinem.

148 1401 323 1437 Primum
345 1401 440 1437 ratio
462 1399 683 1443 habebatur,
707 1400 770 1448 qui
792 1400 982 1436 maximus
1008 1406 1103 1435 natu
1131 1406 1225 1435 esset
1252 1413 1298 1435 ex
1324 1399 1413 1436 libe·

148 1466 197 1503 ris
219 1466 308 1513 ejus,
330 1465 392 1514 qui
415 1478 575 1513 regnans
597 1462 818 1500 decessisset.
879 1464 947 1500 Sin
968 1463 1000 1499 is
1018 1463 1165 1499 virilem
1187 1476 1315 1499 sexum
1344 1475 1414 1498 :uon

148 1529 364 1577 reliquisset,
378 1535 461 1564 tum
477 1526 719 1575 deligebatur,
733 1527 796 1575 qui
810 1526 1001 1575 proximus
1016 1532 1110 1562 esset
1125 1525 1410 1574 propinquitate.

149 1595 184 1628 4.
210 1592 388 1628 Mortuus
407 1597 488 1627 erat
507 1590 601 1638 Agis
620 1603 695 1632 reX,
716 1589 831 1626 frater
850 1588 1017 1637 Agesilai
1033 1601 1041 1632 3
1073 1588 1194 1624 filium
1213 1588 1414 1636 reliquerat

150 1652 432 1703 Leotychidem,
447 1666 559 1701 quem
574 1653 636 1688 ille
650 1659 785 1688 natum
800 1665 874 1688 non
887 1657 1052 1699 agnorat‚
1067 1651 1240 1687 eumdem
1255 1650 1416 1687 moriens

149 1729 260 1754 suum
286 1729 363 1753 esse
391 1716 547 1752 dixerat.
605 1715 644 1751 Is
672 1713 718 1751 de
745 1715 881 1751 honore
903 1714 1008 1762 regni
1031 1727 1118 1750 cum
1141 1713 1326 1761 Agesilao,
1350 1727 1414 1750 suo

148 1787 293 1830 patruo,
324 1776 513 1816 contendit
531 1790 538 1814 :
567 1791 687 1826 neque
714 1778 762 1820 id,
792 1776 890 1826 quod
920 1777 1065 1826 petivit,
1096 1783 1312 1813 consecutus
1344 1783 1412 1814 est.

151 1845 186 1879 5.
210 1843 318 1879 Nam
334 1840 530 1890 Lysandro
549 1841 787 1888 suffragante,
804 1841 964 1883 immine,
980 1847 1023 1876 ut
1043 1840 1272 1876 ostendimus
1290 1853 1414 1889 supra,

149 1905 302 1942 factioso
321 1911 359 1940 et
378 1904 436 1940 his
454 1903 684 1951 temporibus
701 1909 863 1951 potente,
884 1903 1084 1950 Agesilaus
1103 1902 1293 1939 antelatus
1310 1909 1367 1939 est

610 2081 851 2119 CAPUT
889 2082 955 2119 II.

207 2161 239 2194 1.
264 2158 353 2202 Hrc,
367 2156 482 2194 simul
497 2162 609 2205 atque
619 2156 764 2206 imperii
787 2157 927 2206 potitus
949 2163 1014 2200 est,
1035 2157 1218 2206 persuasit
1239 2157 1414 2196 Lacedae-

150 2219 294 2263 moniis,
318 2226 363 2256 ut
390 2218 598 2255 exercitum
626 2219 840 2254 emitterent
867 2217 907 2254 in
929 2218 1064 2254 Asiam
1092 2217 1309 2267 bellumque
1336 2219 1414 2267 regi

150 2284 334 2326 sacere11t;
365 2283 507 2324 docens,
528 2280 646 2317 satius
664 2294 740 2317 esse
759 2281 798 2317 in
813 2281 918 2324 Asia,
939 2293 1054 2330 quam
1073 2281 1113 2317 in
1131 2281 1286 2330 Europa
1308 2279 1414 2318 dimi-

150 2347 237 2383 cari.
295 2345 473 2394 Namque
488 2344 592 2380 sama
606 2343 758 2387 exierat,
775 2345 1027 2380 Artaxerxem
1046 2357 1261 2393 comparare
1281 2345 1413 2382 classes

150 2408 408 2459 pedestresque
427 2407 620 2450 exercitus,
637 2420 727 2456 quos
746 2407 785 2443 in
801 2407 990 2444 Graeciam
1009 2407 1190 2444 mitteret.
1249 2409 1283 2443 2.
1308 2406 1414 2443 Data

155 2478 344 2520 potestate,
368 2476 480 2508 tanta
501 2469 692 2507 celeritate
714 2483 804 2506 usus
829 2476 895 2513 est,
916 2476 960 2506 ut
981 2470 1085 2518 prius
1107 2470 1146 2506 in
1168 2469 1302 2506 Asiam
1324 2481 1410 2507 cum
