1575 2771
135 195 199 241 10,
228 193 314 248 11.]
594 207 680 234 xiv.
713 207 925 234 DATAMES.
1347 203 1398 239 67

130 294 361 340 insidiarum,
382 309 501 347 neque
524 297 750 345 colloquium
769 297 849 345 ejus
867 297 1013 347 petivit,
1034 311 1153 347 neque
1172 298 1212 335 in
1231 312 1398 349 conspee-

129 363 213 395 tum
235 359 361 396 venire
384 359 537 396 studuit.
597 360 659 397 Sic
683 360 814 396 absens
838 360 1050 397 amicitiam
1072 361 1239 409 gerebat,
1257 368 1301 398 ut
1324 376 1398 399 non

130 421 316 459 beneficiis
343 423 497 467 mutuis,
523 424 586 460 sed
608 422 689 461 odio
713 424 913 468 communi,
939 423 1037 474 quod
1059 438 1148 474 erga
1170 413 1297 474 regem
1324 439 1399 463 sus-

128 489 316 533 ceperant,
337 483 518 521 contineri
536 482 762 521 viderentur.

579 667 810 705 CAPUT
857 668 943 706 XI.

182 745 215 779 1.
245 742 293 779 In
311 755 429 791 quum
452 742 542 780 satis
565 755 602 779 se
625 743 862 780 confirmasse
886 744 1091 781 arbitratus
1114 751 1180 790 est,
1201 745 1398 783 certiorem

124 806 215 844 facit
234 806 455 851 Datamem,
476 813 626 857 tempus
645 821 722 844 esse
742 809 901 856 majores
920 809 1104 845 exereitus
1123 809 1249 858 parari
1268 816 1306 847 et
1323 809 1397 847 bel-

123 872 205 908 lum
223 885 312 909 cum
330 872 408 921 ipso
427 885 513 920 rege
533 872 669 921 suscipi
685 885 692 916 ;
724 873 840 921 deque
863 886 909 909 ea
928 886 976 916 re,
999 873 1028 909 si
1051 873 1085 909 ei
1104 873 1304 917 videretur,
1325 887 1398 923 quo

123 935 202 972 loco
225 936 349 979 vellet,
374 935 415 972 in
436 936 662 984 colloquium
685 936 840 972 veniret.
898 936 1066 973 Probata
1089 950 1137 979 re,
1163 937 1395 986 colloquendi

124 1004 273 1048 tempus
287 999 450 1035 sumitur
464 999 647 1047 locusque,
665 1012 737 1047 quo
754 999 1026 1035 conveniretur.
1078 1002 1112 1035 2.
1131 1000 1217 1035 Huc
1240 1000 1395 1036 Mithra-

123 1061 229 1098 dates
251 1075 338 1098 cum
360 1075 445 1105 uno,
470 1061 532 1098 cui
556 1062 769 1098 maximam
798 1061 964 1099 habebat
991 1063 1116 1106 fidem,
1142 1072 1232 1100 ante
1256 1064 1398 1113 aliquot

122 1125 200 1162 dies
227 1125 343 1169 venit,
373 1125 697 1174 compluribusque
726 1125 814 1162 locis
848 1126 1052 1175 separatim
1086 1125 1229 1175 gladios
1263 1128 1395 1171 obruit,

122 1203 239 1239 eaque
271 1191 354 1227 loca
385 1188 584 1239 diligenter
614 1196 734 1227 notat.
793 1190 879 1240 Ipso
914 1197 1044 1227 autem
1077 1192 1308 1240 colloquendi
1338 1190 1397 1228 die

122 1254 281 1304 utrique,
299 1255 424 1291 locum
439 1255 502 1304 qui
522 1255 759 1304 explorarent
779 1261 891 1304 atque
911 1255 1007 1304 ipsos
1026 1262 1295 1300 scrutarentur,
1312 1256 1397 1293 mit-

122 1323 222 1355 tunt.
279 1320 316 1354 3.
338 1318 484 1355 Deinde
499 1318 569 1367 ipsi
585 1324 672 1355 sunt
687 1319 881 1366 congressi.
939 1319 977 1356 H
983 1320 990 1355 i
996 1333 1015 1356 c
1031 1333 1149 1368 quum
1165 1320 1396 1369 aliquamdiu

121 1382 162 1418 in
189 1381 369 1431 colloquio
397 1381 553 1419 fuissent
580 1388 619 1419 et
644 1382 778 1419 diversi
805 1382 1064 1426 discessissent,
1084 1384 1241 1432 jamque
1269 1384 1398 1433 procul

123 1445 310 1483 Datames
332 1445 500 1483 abesset:
525 1444 793 1487 Mithradates,
809 1446 1028 1495 priusquam
1052 1445 1101 1483 ad
1123 1460 1206 1484 suos
1228 1448 1396 1497 perveni-

122 1516 190 1553 ret,
209 1523 258 1546 ne
276 1523 394 1559 quam
415 1510 662 1559 suspicionem
685 1516 844 1559 pareret,
866 1510 906 1546 in
928 1511 1104 1547 eumdem
1127 1512 1252 1548 locum
1275 1525 1394 1548 rever-

121 1574 226 1617 titur,
244 1580 358 1622 atque
377 1574 439 1617 ibi,
455 1572 521 1610 ubi
540 1574 659 1610 telum
674 1580 755 1610 erat
774 1574 1002 1623 impositum,
1020 1575 1165 1618 resedit,
1182 1582 1226 1612 ut
1245 1576 1276 1612 si
1295 1576 1396 1612 lassi-

121 1635 253 1674 tudine
281 1643 433 1686 euperet
467 1637 711 1685 acquiescere,
742 1637 1024 1686 Datamemque
1052 1639 1254 1682 revocavit,
1285 1640 1398 1676 simu-

121 1702 215 1745 lans,
240 1714 278 1738 se
300 1701 479 1750 quiddam
498 1695 542 1737 ⁸in
560 1701 738 1749 colloquio
762 1714 839 1737 esse
859 1701 1031 1738 oblitum.
1089 1705 1125 1738 4.
1157 1703 1317 1739 Interim
1346 1710 1397 1740 te-

121 1764 213 1808 lum,
227 1763 324 1814 quod
336 1765 492 1808 latebat,
506 1765 663 1814 protulit
677 1765 940 1814 nudatumque
955 1765 1096 1814 vagina
1111 1772 1215 1802 veste
1231 1767 1336 1810 texit,
1352 1781 1396 1804 ac

122 1828 283 1866 Datami
305 1828 471 1865 venienti
494 1828 559 1871 ait,
584 1828 855 1876 digredientem
879 1842 915 1865 se
939 1827 1248 1866 animadvertisse
1271 1831 1394 1868 locum

121 1893 336 1942 quemdam,
353 1892 416 1941 qui
431 1898 512 1929 erat
532 1892 572 1929 in
590 1899 800 1942 conspectu,
823 1891 871 1929 ad
891 1899 1016 1930 castra
1034 1894 1207 1943 ponenda
1226 1907 1302 1931 esse
1321 1893 1396 1931 ido-

120 1970 246 1994 neum.
286 1951 340 1993 ν5.
371 1957 497 2002 Quem
520 1970 638 2006 quum
661 1957 776 2005 digito
800 1955 1083 2001 demonstraret,
1109 1964 1147 1994 et
1170 1958 1233 1995 ille
1256 1959 1396 2008 conspi-

121 2027 230 2064 ceret,
249 2034 425 2058 aversum
444 2021 538 2057 ferro
558 2020 745 2058 transfixit
764 2021 949 2070 priusque,
966 2035 1082 2071 quam
1102 2022 1302 2071 quisquam
1317 2036 1395 2072 pos-

121 2090 176 2122 set
191 2097 415 2128 succurrere,
431 2084 627 2122 interseeit.
676 2085 741 2122 Ita
756 2085 818 2122 ille
834 2085 902 2129 vir,
919 2085 982 2134 qui
996 2086 1136 2122 multos
1155 2085 1316 2131 consilio,
1333 2099 1394 2123 ne-

120 2148 264 2186 minem
282 2148 438 2200 perfidia
456 2154 616 2200 ceperat,
638 2148 820 2186 simulata
839 2154 973 2200 captus
993 2154 1049 2186 est
1068 2148 1248 2187 amicitia.
