1575 2771
138 163 216 202 126
557 173 753 201 connssnn
784 173 971 200 umoris.
1335 159 1397 215 [7.

572 377 810 415 CAPUT
848 377 962 415 VII.

191 454 426 497 1.‚PnAErEn
448 452 616 502 physicos
636 452 933 501 Homerumque,
953 451 1016 501 qui
1035 451 1253 489 universum
1271 451 1400 490 orbem

135 518 229 555 mari
252 516 522 554 circumfusum
545 529 622 552 esse
645 516 830 560 dixerunt,
853 516 965 553 Corn.
986 516 1124 566 Nepos,
1148 522 1194 553 ut
1220 517 1402 554 recentior

135 591 274 624 auctor,
295 581 351 618 ita
373 579 506 617 certior
525 577 700 630 (tradit):
729 586 865 617 testem
887 586 1018 616 autem
1040 579 1094 616 rei
1115 579 1282 616 retulisse
1305 592 1402 616 com-

134 650 331 681 memorat.
388 643 519 687 Quum
538 642 676 679 Galh'ae
698 656 764 692 pro
787 643 935 680 consule
958 649 1140 693 praeesset,
1162 641 1274 680 Indos
1297 656 1401 692 quos-

135 706 224 744 dam
245 720 268 743 a
286 719 372 754 rege
392 705 572 742 Boiorum
590 704 684 742 dono
704 704 773 743 sibi
792 704 898 744 datos
913 719 921 752 ;
945 705 1044 743 unde
1066 706 1107 744 in
1125 719 1188 743 eas
1206 713 1324 743 terras
1342 705 1402 743 de-

135 770 332 813 venissent,
357 767 573 818 requirendo
597 769 819 817 cognovisse,
841 769 881 806 vi
903 776 1174 819 tempestatum
1195 783 1242 807 cx
1263 769 1403 807 Indicis

135 832 342 882 aequoribus
365 831 537 882 abreptos
565 845 815 882 emensosque,
839 846 921 882 quae
947 832 1162 877 intererant,
1186 834 1342 870 tandem
1363 833 1404 870 in

137 896 353 933 Germaniae
381 895 493 931 litora
520 895 661 932 exiisse.
727 895 868 944 Pomp.
894 894 1014 939 ΖΙῙεῖα,
1043 895 1108 939 iii.,
1135 897 1169 939 5,
1193 901 1301 939 extr.‚
1330 901 1390 934 etc

138 958 265 1002 Plin„
285 959 310 996 1.
332 959 382 1002 ii.,
405 960 466 995 67.

189 1020 411 1071 Largitudo.
475 1021 642 1065 Charis„
664 1022 688 1058 l.
710 1022 748 1065 i.,
771 1024 832 1058 78.

191 1088 226 1122 2.
253 1085 435 1122 Eudoxus
453 1083 618 1134 quidam,
637 1098 794 1122 avorum
811 1092 1022 1123 nostrorum
1040 1085 1269 1136 temporibus
1288 1099 1406 1136 quum

138 1149 371 1192 Lathurum,
413 1162 541 1196 regem
577 1147 840 1193 Alexandreae,
866 1150 1089 1199 profugeret,
1123 1149 1286 1187 Arabico
1323 1149 1406 1187 sinu

138 1226 314 1261 egressus,
339 1226 405 1262 per
428 1213 497 1249 hoc
520 1213 686 1262 pelaguS,
710 1219 755 1250 ut
776 1213 904 1262 Nepos
933 1213 1111 1257 affirmat,
1137 1212 1265 1251 Gades
1291 1226 1409 1263 usque

138 1284 334 1326 pervectus
353 1284 420 1313 est.
479 1277 530 1314 P.
550 1276 670 1319 DIela,
691 1277 755 1320 iii.,
779 1278 812 1320 9,
834 1279 869 1313 3.
927 1276 1053 1320 Plin„
1074 1277 1125 1320 ii.,
1148 1279 1209 1314 67.

193 1342 228 1376 3.
252 1340 515 1389 Paphlagonia
537 1340 691 1388 insignis
713 1341 792 1377 loco
811 1341 970 1384 Heneto‚
993 1354 1016 1377 a
1035 1354 1116 1389 quo,
1137 1347 1182 1378 ut
1202 1340 1314 1378 Corn.
1331 1341 1408 1378 Ne-

140 1417 204 1454 pos
222 1403 402 1453 perhibet,
420 1404 684 1452 Paphlagoues
702 1403 742 1440 in
761 1404 918 1440 Italiam
937 1404 1152 1447 transvecti,
1169 1417 1258 1441 mox
1271 1404 1408 1441 Veneti

140 1474 228 1504 sunt
246 1467 442 1504 nominati.
503 1466 639 1510 Solia„
661 1480 692 1504 c.
711 1470 773 1510 44,
791 1481 826 1516 p.
846 1469 906 1510 72,
924 1474 962 1504 et
979 1466 1105 1511 Plin„
1122 1467 1184 1511 vi„
1207 1470 1242 1511 2,
1259 1468 1310 1504 in.
1330 1468 1403 1517 [Cf

141 1531 276 1580 Heyne
297 1531 345 1567 ad
359 1531 476 1578 Virg„
498 1530 591 1567 [En.
613 1530 649 1573 i.,
671 1544 749 1567 exc.
772 1532 806 1574 7,
829 1531 974 1581 Wetz.]

195 1600 231 1632 4.
254 1596 401 1632 Fauces
417 1596 559 1632 Oceani
576 1596 623 1632 T.
638 1596 774 1632 Livius
790 1609 834 1633 ac
849 1596 977 1645 Nepos
991 1596 1185 1634 Cornelius
1199 1596 1411 1634 latitudinis

142 1659 388 1703 tradiderunt,
403 1658 468 1696 ubi
482 1659 696 1702 minimum,
710 1659 804 1696 VII.
819 1660 878 1696 M.
892 1673 1001 1709 pass,
1015 1659 1081 1697 ubi
1093 1674 1178 1698 vero
1193 1661 1409 1710 plurimum.

143 1724 194 1761 X.
216 1724 274 1761 M.
333 1723 458 1766 Plc‘n„
479 1723 543 1766 iii.,
563 1736 716 1772 prooem.

198 1790 233 1824 5.
259 1787 436 1836 Melpum
458 1787 650 1836 opulentia
675 1787 914 1836 praecipuurn,
939 1788 1037 1836 quod
1059 1788 1107 1825 ab
1130 1788 1351 1826 Insubribus
1372 1795 1412 1826 et

145 1851 247 1887 Boiis
269 1864 288 1887 e
313 1848 522 1887 Senonibus
549 1850 715 1886 deletum
742 1863 819 1886 esse
846 1863 888 1886 eo
907 1850 976 1894 dic,
1000 1864 1072 1899 quo
1096 1851 1282 1888 Camillus
1301 1852 1412 1889 Veios

144 1914 292 1963 ceperit,
314 1914 443 1963 Nepos
463 1914 574 1950 Corn.
595 1913 762 1950 tradidit.
820 1913 946 1956 le„
967 1914 1032 1957 iii.,
1054 1916 1101 1950 21
1124 1913 1189 1964 (al.
1216 1915 1292 1966 17).

199 1980 233 2014 (3.
264 1977 381 2014 Ultra
406 1990 521 2026 quam
545 1975 796 2026 (Aquileiam)
820 1976 890 2013 VI.
913 1977 973 2014 M.
993 1990 1088 2026 pass.
1110 1977 1262 2015 Formio
1291 1979 1411 2016 amnis

146 2040 194 2079 ab
217 2041 408 2078 Ravenna
435 2040 711 2077 CLXXXIX.
734 2040 792 2077 M.
814 2053 909 2089 pass.
935 2041 1111 2090 antiquus
1139 2048 1259 2079 auctae
1287 2042 1411 2079 Italiae

146 2106 338 2148 terminus,
358 2118 458 2142 nunc
477 2118 563 2141 vcro
583 2104 703 2141 Istriae
720 2117 727 2141 :
757 2117 873 2153 quam
891 2105 1196 2153 cognominatam
1215 2119 1239 2142 a
1256 2105 1412 2143 flumine

147 2170 242 2207 Istro
261 2169 301 2206 in
315 2167 505 2206 Hadriam
523 2167 699 2205 effluente
715 2181 739 2204 a
753 2167 931 2205 Danubio
947 2181 1068 2213 amne,
1086 2167 1288 2218 eodemque
1303 2169 1411 2214 Istro,

148 2231 347 2270 adversum
366 2230 462 2268 Padi
482 2231 617 2274 fauces,
638 2231 820 2268 contrario
844 2244 972 2268 eorum
990 2245 1167 2281 percussu
1186 2232 1284 2269 mari
1302 2232 1413 2269 inter-

150 2298 251 2346 jecto
274 2297 518 2340 dulcescente,
539 2296 705 2345 plerique
724 2295 848 2332 dixere
867 2295 959 2332 falso
978 2303 1016 2333 et
1035 2296 1163 2345 Nepos
1185 2295 1411 2346 [Cornelius]

148 2361 276 2405 etiam,
298 2360 394 2397 Padi
414 2360 550 2397 accola.
611 2359 736 2402 Plin„
758 2359 821 2402 iii.,
845 2361 894 2395 22
914 2358 1013 2410 (18).

1567 0 1575 90 -ι--ι
