1575 2771
331 549 797 607 CORNELII
858 549 1275 606 NEPOTIS

430 683 1179 739 FRAGMENTA.

643 885 676 922 C
692 886 731 922 A
746 885 778 922 P
794 885 835 922 U
851 885 887 922 T
925 885 958 922 Ι.

470 969 924 1011 CHRONICORUM
955 968 1130 1011 LIBRI.

222 1052 255 1086 1.
281 1048 344 1086 DE
364 1049 530 1086 Homero
549 1056 587 1086 et
602 1048 765 1086 Hesiodo
785 1049 882 1086 iuter
900 1063 1027 1086 omnes
1046 1049 1120 1086 fere
1140 1049 1334 1100 scriptores
1353 1063 1435 1089 con·

163 1113 272 1157 stitit,
288 1119 491 1162 utrumque
505 1113 640 1150 vixisse
657 1119 745 1150 ante
760 1113 876 1149 Rom.
892 1111 1094 1157 conditam,
1110 1119 1154 1150 ut
1170 1113 1317 1150 Cornel.
1331 1114 1432 1164 Nep.

164 1176 204 1213 'm
225 1176 346 1226 primo
371 1176 643 1213 Chronieorum
671 1175 716 1213 de
736 1177 902 1213 Homero
926 1175 1031 1220 d'm't,
1054 1177 1161 1213 annis
1184 1177 1330 1214 circiter
1352 1191 1434 1215 cen-

165 1246 252 1277 tum
271 1246 309 1277 et
328 1240 535 1288 sexaginta.
599 1239 758 1284 Gellius,
778 1240 881 1283 xvii„
904 1242 965 1283 21,
987 1241 1022 1276 3.

219 1306 254 1340 2.
276 1303 419 1353 Nepoti
437 1309 475 1340 et
490 1303 652 1340 Lutatio
667 1304 837 1340 Romam
852 1304 976 1352 placet
991 1302 1182 1340 conditam
1198 1302 1433 1354 Olympiadis

163 1367 331 1416 septimae
351 1381 449 1404 anno
468 1365 640 1404 seeundo.
702 1366 826 1404 Solin.
849 1366 1001 1416 Polylc„
1023 1380 1054 1403 e.
1075 1366 1111 1410 i.,
1134 1367 1189 1403 ed.
1214 1367 1332 1404 Salm.

216 1432 252 1467 3.
278 1431 551 1467 Archilochum
574 1430 703 1479 Nepos
723 1430 870 1467 Cornel.
894 1430 1010 1466 tradit
1033 1430 1147 1466 Tullo
1170 1430 1332 1468 Hostilio
1355 1431 1431 1468 Ro-

161 1508 233 1535 mae
252 1501 432 1543 regnante
447 1495 531 1543 jam
551 1501 642 1532 tune
661 1495 843 1544 poematis
863 1494 1007 1530 clarum
1027 1500 1063 1530 et
1079 1493 1254 1531 nobilem.
1319 1494 1429 1540 Gell„

159 1558 265 1602 xvii„
288 1561 348 1602 21,
372 1560 406 1594 8.

214 1627 251 1658 4.
277 1621 335 1658 M.
357 1621 528 1658 Manlius
556 1622 703 1665 Romae,
729 1621 792 1671 qui
816 1622 948 1658 Gallos
974 1622 1013 1658 in
1040 1620 1227 1659 obsidione
1251 1622 1431 1672 Capitolii

159 1686 379 1736 obrepentes
400 1700 466 1736 per
489 1687 608 1723 ardua
631 1687 836 1736 depulerat,
861 1686 1054 1723 convictus
1077 1692 1133 1723 est
1162 1686 1358 1723 consilium
1385 1687 1431 1724 de

159 1764 272 1799 regno
301 1748 516 1800 occupando
545 1750 695 1787 iniisse:
725 1748 999 1798 damnatusque
1028 1749 1161 1798 eapitis
1184 1763 1203 1786 e
1227 1762 1316 1786 saxo
1336 1750 1430 1786 Tar-

159 1815 252 1864 peio,
275 1821 321 1851 ut
344 1814 401 1851 M.
416 1814 536 1851 Varro
566 1813 629 1857 ait,
653 1826 816 1862 praeceps
844 1813 954 1849 datus
983 1819 1062 1857 est;
1092 1819 1137 1849 ut
1166 1812 1278 1849 Corn.
1301 1819 1429 1851 autem

159 1878 288 1927 Nepos
308 1877 489 1926 seriptum
508 1877 667 1925 reliquit,
684 1874 914 1913 verberando
933 1882 1090 1912 necatus
1109 1882 1175 1913 est.
1221 1875 1330 1920 Gell„
1347 1875 1426 1914 eod.

159 1941 197 1984 l.‚
221 1942 236 1982 ὑ
257 1943 319 1976 24.

214 2006 249 2040 5.
274 2001 490 2040 Alexander
513 2003 681 2051 Magnus
707 2003 820 2040 Pellae
847 2002 973 2046 oritur,
995 2008 1040 2039 ut
1066 2002 1194 2052 Nepos
1219 2001 1344 2048 edidit,
1366 2005 1424 2041 M.

162 2068 255 2104 Fab.
278 2067 475 2109 Ambusto,
498 2066 545 2103 T.
563 2066 715 2111 Quinct.
735 2066 949 2116 Capitolino
973 2065 1074 2103 Coss.
1096 2073 1179 2115 post
1201 2067 1253 2103 R.
1276 2081 1306 2104 e.
1329 2081 1426 2105 anno

163 2130 417 2168 trecentesimo
436 2130 658 2178 octogesimo
677 2130 818 2179 quinto.
880 2128 1003 2166 Solin.
1028 2129 1181 2179 Polyb„
1204 2143 1234 2166 e.
1257 2132 1319 2167 40.

214 2196 247 2231 6.
274 2194 318 2231 P.
341 2194 542 2230 Terentius
566 2194 733 2230 maxime
761 2192 996 2230 familiariter
1018 2193 1115 2230 vixit
1142 2206 1230 2230 eum
1255 2194 1426 2244 Scipione

159 2258 338 2296 Africano
366 2263 404 2294 et
434 2257 478 2294 C.
505 2257 634 2300 Laelio,
659 2262 742 2300 ete,
768 2257 942 2305 quamvis
972 2256 1083 2293 Com.
1109 2256 1238 2306 Nepos
1265 2259 1427 2307 aequales

160 2322 271 2360 fuisse
291 2319 428 2358 tradat.
486 2321 669 2358 Donatus
688 2334 714 2357 s.
734 2320 854 2364 Suet„
874 2320 915 2357 in
932 2320 1015 2357 vita
1034 2321 1215 2358 Terentii.

213 2386 248 2422 7.
276 2384 357 2422 Scit
381 2384 450 2422 hoc
474 2384 603 2434 Nepos
631 2391 668 2421 et
692 2384 845 2422 Cassius
866 2384 906 2421 in
928 2384 1092 2421 historia.
1151 2384 1303 2422 Minut.
1328 2383 1424 2430 Feb..

163 2461 192 2486 ο.
215 2450 265 2485 22
288 2448 487 2498 [Fischer].

213 2511 372 2562 Nepotis
390 2511 454 2550 h'b.
475 2510 520 2549 de
539 2511 732 2556 histon'cis,
753 2525 803 2556 v.‚
825 2511 960 2555 Dion„
982 2512 1017 2555 3,
1039 2512 1063 2547 2
1085 2509 1178 2560 [F.].
