1575 2771
143 202 313 256 11,12.]
397 192 404 196 ⁵
585 214 707 241 xxm.
734 213 966 241 HANNIBAL,
1333 204 1405 242 115

594 420 836 457 CAPUT
874 420 958 456 XI.

194 499 227 533 1.
250 495 353 533 TALI
376 495 630 532 cohortatione
650 494 818 531 militurn
837 495 951 538 sacta,
973 494 1100 531 elassis
1120 495 1168 531 ab
1186 494 1353 545 utrisque
1371 508 1412 532 m

137 559 310 609 proelium
326 558 533 596 deducitur.
591 558 764 603 Quarum
781 558 859 595 acie
876 558 1090 602 constituta,
1107 559 1328 608 priusquam
1343 559 1410 607 sig-

137 637 230 661 num
242 637 377 673 pugnae
392 624 554 666 daretur,
570 621 778 665 Hannibal,
794 628 837 659 ut
851 622 981 671 palam
993 622 1131 659 faceret
1147 623 1232 666 suis,
1247 636 1318 672 quo
1333 623 1411 660 loeo

137 687 330 724 Eumenes
352 693 456 730 esset,
482 685 725 723 tabellarium
753 686 792 722 in
816 686 956 735 scapha
979 699 1067 723 curn
1090 687 1251 724 caduceo
1276 686 1408 724 mittit.

137 753 172 788 2.
203 751 280 797 Qui
305 749 370 787 ubi
397 751 445 787 ad
471 764 587 787 naves
615 748 912 787 adversariorum
940 750 1120 799 pervenit,
1142 751 1412 801 epistolamque

135 813 332 852 ostendens
360 828 397 851 se
420 827 545 862 regem
567 814 748 863 professus
772 820 826 851 est
851 828 1021 863 quaerere,
1047 815 1177 851 statim
1201 816 1249 852 ad
1271 816 1411 852 Eume-

136 892 223 916 nem
238 876 421 915 deductus
440 884 505 921 cst,
523 876 621 927 quod
636 892 745 914 nemo
762 877 972 922 dubitabat,
991 879 1082 928 quin
1102 878 1244 928 aliquid
1260 877 1304 916 de
1319 893 1411 929 paee

137 948 231 979 esset
243 942 436 991 seriptum.
478 941 729 985 Tabellarius,
741 941 844 979 ducis
856 956 953 979 nave
966 944 1157 979 declarata
1170 943 1254 986 suis,
1269 944 1409 986 eodem,

139 1007 234 1043 [uide
253 1006 359 1049 ierat,
378 1019 415 1042 se
434 1006 585 1054 recepit.
644 1008 679 1041 3.
702 1006 756 1042 At
773 1006 976 1049 Eumenes,
995 1007 1118 1042 soluta
1132 1006 1299 1054 epistola,
1316 1006 1412 1042 nihil

138 1070 175 1107 in
190 1083 235 1106 ea
250 1069 396 1118 reperit,
413 1069 484 1105 nisi
499 1067 597 1118 quod
613 1067 661 1105 ad
676 1069 907 1105 irridendum
923 1082 1011 1105 eum
1027 1069 1241 1118 pertineret.
1292 1069 1412 1118 Cujus

136 1133 206 1171 etsi
228 1146 384 1170 causam
406 1132 628 1176 mirabatur,
650 1146 768 1181 neque
793 1133 1059 1182 reperiebatur,
1085 1139 1216 1170 tamen
1237 1133 1412 1182 proelium

136 1197 268 1234 statim
291 1197 526 1234 committere
553 1210 628 1233 non
651 1195 854 1233 dubitavit.
923 1200 959 1233 4.
986 1197 1135 1234 Horum
1163 1197 1203 1234 in
1231 1211 1412 1235 concursu

137 1261 306 1311 Bithyni,
324 1260 554 1298 Hannibalis
572 1267 767 1310 praecepto,
785 1261 950 1298 universi
969 1275 1108 1298 navem
1125 1262 1308 1299 Eumenis
1329 1260 1413 1299 ado-

137 1325 293 1363 riuntur.
351 1325 522 1371 Quorum
542 1325 621 1361 vim
640 1338 706 1361 rex
726 1339 843 1374 quum
866 1325 1047 1362 sustinere
1070 1340 1145 1362 non
1169 1333 1300 1375 posset,
1322 1326 1413 1374 suga

137 1390 299 1428 salutem
328 1389 449 1439 petiit,
474 1402 590 1438 quam
623 1396 841 1426 consecutus
871 1403 945 1426 non
978 1396 1083 1433 esset,
1112 1390 1184 1427 nisi
1213 1390 1314 1427 intra
1346 1403 1414 1427 sua

138 1454 309 1503 praesidia
327 1467 365 1491 se
384 1453 592 1503 recepisset,
613 1466 695 1502 quae
714 1453 754 1490 in
776 1453 944 1502 proximo
963 1454 1070 1490 litore
1090 1462 1198 1491 erant
1217 1454 1410 1492 collocata.

138 1520 173 1554 5.
199 1518 372 1568 Reliquae
391 1518 635 1566 Pergamenae
663 1531 780 1554 naves
802 1531 919 1566 quum
949 1516 1179 1555 adversarios
1200 1525 1414 1568 premerent

139 1581 270 1624 acrius,
286 1587 436 1630 repente
452 1581 491 1617 in
506 1594 569 1618 eas
584 1594 676 1617 vasa
691 1581 832 1624 fictilia,
847 1582 891 1617 de
907 1582 1041 1629 quibus
1057 1596 1169 1631 supra
1183 1583 1414 1620 mentionem

139 1646 304 1688 fecimus,
327 1645 459 1693 conjici
483 1652 604 1694 coepta
633 1652 731 1681 sunt.
789 1646 884 1690 Quae
907 1646 1015 1693 jacta
1043 1646 1149 1682 initio
1177 1646 1295 1683 risum
1322 1660 1413 1695 pug-

141 1708 320 1746 nantibus
339 1709 587 1751 coneitarunt,
604 1722 734 1757 neque,
753 1722 866 1756 quare
886 1707 924 1745 id
939 1709 1054 1752 fieret,
1071 1716 1218 1758 poterat
1237 1710 1409 1758 intelligi.

143 1776 177 1810 5.
203 1773 411 1822 Postquam
435 1778 564 1808 autem
586 1786 702 1808 naves
722 1773 926 1821 completas
946 1780 1215 1822 conspexerunt
1238 1774 1413 1823 serpenti-

143 1836 218 1881 bus,
239 1850 338 1873 nova
356 1850 394 1873 re
412 1835 608 1886 perterriti,
630 1850 758 1885 quum,
779 1836 868 1885 quid
886 1836 1122 1885 potissimum
1141 1837 1317 1882 vitarent,
1339 1852 1413 1875 non

139 1898 320 1944 viderent,
341 1913 484 1949 puppes
508 1906 726 1936 averterunt
749 1913 859 1949 seque
883 1901 930 1937 ad
949 1914 1018 1937 sua
1040 1907 1164 1938 eastra
1182 1902 1339 1939 nautica
1360 1916 1413 1939 re-

140 1961 320 1999 tulerunt.
390 1962 424 1997 7.
458 1960 520 1997 Sic
543 1960 742 1997 Hannibal
775 1961 925 1998 consilio
957 1975 1065 1998 arma
1092 1962 1414 2011 Pergamenorum

139 2025 354 2075 superavit3
384 2038 504 2073 neque
527 2030 612 2061 tum
634 2024 765 2068 solum,
788 2023 852 2061 sed
871 2039 966 2075 saepe
990 2026 1084 2064 alias
1102 2026 1335 2076 pedestribus
1357 2040 1413 2064 eo-

138 2089 209 2140 piis
226 2089 308 2139 pari
326 2089 527 2140 prudentia
545 2089 689 2138 pepulit
709 2090 950 2128 adversarios.

578 2272 820 2310 CAPUT
857 2273 978 2310 XII.

200 2351 230 2384 1.
257 2346 352 2392 QUAE
384 2344 475 2382 dum
509 2346 547 2382 in
575 2347 667 2382 Asia
701 2353 891 2394 geruntur,
925 2348 1059 2384 accidit
1090 2362 1190 2392 casn,
1222 2355 1266 2385 ut
1298 2349 1413 2397 legatl

144 2411 284 2449 Prusia>
307 2410 443 2446 Roma)
468 2407 567 2458 apud
588 2409 635 2446 L.
652 2409 852 2454 Quintium
873 2410 1146 2454 Flamininum,
1169 2412 1410 2456 consularem,

143 2480 329 2514 ccenarcnt
352 2480 463 2519 atque
483 2472 545 2517 ibi,
559 2473 604 2510 de
617 2473 833 2510 Hannibale
853 2474 1042 2511 mentione
1057 2474 1168 2519 sacta,
1183 2489 1229 2512 ex
1244 2475 1302 2513 his
1318 2490 1413 2515 unus
