1575 2771
130 172 168 216 7,
189 169 249 223 8.]
579 181 698 208 xvm.
731 181 939 207 EUMENES.
1335 172 1382 209 91

126 271 316 320 potiretur,
333 283 447 319 quam
467 270 532 306 alii
547 270 812 312 Macedonum,
830 282 987 317 quorum
1006 268 1057 305 ibi
1076 269 1387 315 eratrnultitudo,

125 333 164 369 111
182 333 372 382 principiis
390 333 539 369 nomine
559 333 764 368 Alexandri
784 332 917 369 statuit
937 332 1232 374 tabernaculum,
1282 334 1317 367 2.
1343 332 1390 368 In

125 409 239 445 eoque
262 397 392 432 sellam
416 409 570 432 auream
592 409 680 432 cum
704 402 845 444 sceptro
865 408 908 431 ac
928 395 1139 431 diademate
1157 394 1269 442 jussit
1291 394 1388 443 poni,

126 472 240 507 eoque
262 471 390 496 omnes
408 459 571 507 quotidie
590 459 794 501 convenire,
812 465 855 494 ut
874 458 985 494 ibide
1005 458 1160 494 summis
1178 458 1288 494 rebus
1307 470 1389 493 con-

126 522 212 559 silia
240 528 460 572 caperentur
474 535 482 566 ;
522 522 682 564 credens,
707 522 848 557 minore
877 534 914 557 se
936 521 1079 557 invidia
1101 521 1185 563 fore,
1211 520 1241 557 si
1269 520 1389 570 specie

123 583 271 632 imperii
289 584 520 631 nominisque
540 583 778 619 simulatione
798 583 1005 619 Alexandri
1023 584 1166 619 belliun
1188 583 1387 626 videretur,

124 647 394 682 administrare.
459 646 569 691 Quod
591 653 628 682 et
650 646 749 682 fecit.
815 648 850 682 3.
876 646 984 682 Nam
1006 659 1124 694 quum
1146 659 1220 682 non
1243 646 1292 682 ad
1311 645 1388 682 Eu-

122 709 243 745 menis
260 708 454 758 principia,
472 709 535 745 sed
551 709 598 746 ad
617 709 720 757 regia
739 709 998 746 conveniretur
1017 715 1130 757 atque
1149 709 1201 746 ibi
1216 710 1261 745 de
1279 709 1388 746 rebus

122 771 397 815 deliberaretur,
422 772 693 820 quodammodo
721 772 876 815 latebat,
901 785 1019 820 quum
1047 777 1177 809 tamen
1203 785 1268 822 per
1300 784 1397 810 curn

122 847 243 871 unum
261 841 477 883 gererentur
495 835 632 872 omnia.

541 1015 778 1052 CAPUT
815 1015 963 1052 VIII.

178 1092 210 1126 1.
235 1088 312 1126 Hm
332 1088 372 1126 in
391 1089 594 1126 Paraetacis
616 1102 703 1126 cum
722 1089 912 1137 Antigono
935 1090 1114 1134 conflixit,
1134 1104 1209 1128 non
1232 1091 1311 1128 acie
1332 1091 1386 1129 in-

121 1157 274 1195 structa,
299 1152 362 1188 sed
383 1152 423 1188 in
449 1152 591 1195 itinere,
617 1166 777 1201 eumque
804 1153 905 1189 male
934 1159 1131 1203 acceptum
1153 1154 1193 1191 in
1214 1154 1387 1192 Mediam

120 1215 332 1252 hiematum
354 1215 477 1263 coegit
498 1216 627 1252 redire.
694 1217 781 1265 Ipse
803 1216 843 1253 in
865 1217 1029 1254 finitima
1056 1218 1203 1266 regione
1226 1218 1388 1256 Persidis

119 1278 332 1314 hiematum
355 1278 479 1327 copias
498 1279 634 1322 divisit,
651 1293 726 1316 non
744 1286 788 1316 ut
802 1280 932 1323 voluit,
954 1281 1017 1317 sed
1035 1286 1079 1317 ut
1097 1281 1265 1318 militum
1285 1295 1387 1330 coge-

119 1341 187 1378 bat
213 1341 399 1378 voluntas.
457 1344 491 1378 2.
517 1342 696 1391 Namque
724 1343 790 1379 illa
816 1344 985 1392 phalanx
1007 1344 1215 1381 Alexandri
1237 1345 1386 1393 Magni,

119 1417 200 1452 quae
215 1404 349 1441 Asiam
367 1411 585 1454 peragrarat
604 1406 866 1454 deviceratque
881 1406 1024 1450 Persas,
1042 1407 1254 1444 inveterata
1269 1421 1388 1456 quum

119 1466 246 1515 gloria,
270 1473 356 1504 turn
384 1468 501 1505 ctiam
528 1468 690 1512 licentia,
715 1483 790 1506 non
816 1483 945 1519 parere
978 1483 1016 1506 se
1044 1471 1211 1514 ducibus,
1235 1471 1299 1508 sed
1320 1471 1387 1508 im-

119 1543 247 1580 perare
265 1531 504 1580 postulabat3
533 1538 578 1569 ut
595 1545 696 1569 nunc
715 1533 883 1569 veterani
902 1533 1047 1570 faciunt
1068 1534 1195 1570 nostri.
1252 1534 1387 1583 Itaque

118 1593 327 1643 periculum
342 1599 408 1637 est,
422 1607 468 1630 ne
483 1594 637 1638 faciant,
651 1596 747 1643 quod
762 1596 817 1632 1111
831 1596 998 1632 fecerunt
1014 1609 1082 1632 sua
1095 1597 1388 1645 intemperantia

118 1656 309 1705 nimiaque
331 1656 494 1700 licentia,
515 1662 559 1693 ut
581 1657 708 1693 onmia
730 1658 898 1706 perdant,
919 1671 1037 1706 neque
1059 1659 1184 1695 minus
1207 1673 1277 1702 eos,
1299 1673 1386 1696 cum

118 1719 252 1767 quibus
280 1719 460 1762 steterint,
481 1733 596 1768 quam
624 1720 800 1757 adversus
822 1734 912 1769 quos
939 1721 1104 1758 fecerint.
1162 1722 1334 1767 &Quod
1356 1722 1386 1759 si

118 1782 199 1831 quis
214 1782 363 1818 illorum
378 1789 640 1819 veteranorum
655 1784 756 1831 legat
772 1784 882 1827 facta,
899 1784 1007 1833 paria
1021 1785 1155 1821 horum
1175 1791 1384 1833 cognoscat,

118 1858 237 1893 neque
252 1858 331 1881 rem
346 1845 474 1888 ullam,
491 1845 562 1882 nisi
577 1852 735 1895 tempus,
752 1847 926 1883 interesse
936 1848 1093 1895 judicet.
1153 1848 1226 1885 Sed
1242 1849 1290 1885 ad
1304 1849 1386 1886 illos

118 1913 294 1944 revertar.
351 1908 522 1945 Hiberna
554 1915 765 1946 sumserant
795 1923 870 1946 non
903 1911 951 1947 ad
979 1924 1089 1947 usum
1116 1911 1215 1955 belli,
1245 1912 1309 1949 sed
1338 1912 1386 1949 ad

120 1971 284 2020 ipsorum
307 1971 509 2014 luxuriam,
533 1972 714 2020 longeque
737 1972 834 2009 inter
861 1986 898 2010 se
921 1973 1174 2011 discesserant.
1239 1977 1275 2011 4.
1300 1975 1385 2012 Hoc

119 2034 334 2082 Antigonus
355 2048 472 2083 quum
500 2035 736 2084 comperisset
764 2036 1068 2086 intelligeretque‚
1093 2051 1130 2074 se
1153 2051 1284 2087 parem
1310 2051 1386 2074 non

120 2113 196 2136 esse
218 2099 360 2149 paratis
382 2100 612 2143 adversariis,
633 2100 768 2136 statuit
792 2101 932 2149 aliquid
951 2101 1021 2137 sibi
1040 2101 1182 2138 consilii
1202 2102 1290 2139 novi
1308 2115 1386 2138 esse

121 2162 354 2211 capiendum.
412 2162 508 2199 Duae
532 2169 639 2200 erant
657 2163 737 2206 viae,
759 2177 834 2212 qua
856 2177 902 2200 ex
921 2164 1056 2207 Medis,
1077 2165 1143 2201 ubi
1162 2165 1223 2201 ille
1246 2165 1385 2200 hiema-

121 2224 198 2267 bat,
216 2225 263 2261 ad
279 2225 575 2261 adversariorum
591 2227 834 2262 hibernacula
848 2233 968 2275 posset
983 2227 1180 2275 perveniri.
1226 2229 1261 2263 5.
1284 2227 1384 2271 Qua-

122 2301 208 2326 rum
233 2287 380 2324 brevior
407 2301 472 2336 per
498 2288 580 2324 loca
607 2289 760 2331 deserta,
782 2302 862 2336 quae
890 2303 999 2325 nemo
1026 2290 1212 2326 incolebat
1239 2295 1387 2338 propter

123 2364 228 2400 aquae
247 2350 422 2399 inopiam,
439 2356 604 2386 ceterum
623 2351 767 2387 dicrum
786 2357 866 2387 erat
885 2351 957 2386 fere
977 2352 1104 2387 decem
1122 2364 1130 2395 ;
1160 2352 1226 2388 illa
1246 2359 1384 2396 autem,

124 2428 198 2464 qua
233 2427 359 2451 omncs
396 2414 668 2457 commeabant,
701 2414 816 2450 altero
849 2420 955 2450 tanto
987 2414 1189 2462 longiorem
1222 2415 1386 2452 habebat
