1575 2771
187 146 331 202 9,]0]
689 159 962 187 FRAGMENTA.
1373 154 1453 192 129

186 248 234 286 λε
259 250 356 298 πρὸς
382 250 455 285 τὸν
484 247 586 285 υἱόν.
642 250 731 286 Τῶν
755 248 798 286 δὲ
823 249 1014 298 Νομάδων
1039 250 1148 295 τινες
1163 251 1454 300 περιτυχόντες

186 314 270 359 τοῖς
298 314 535 362 κομίζουσιν,
559 311 745 362 ὥρμησαν
773 312 1020 361 ἀφαιρεῖσθαι
1045 315 1092 349 τὸ
1114 315 1268 363 τεῦχος.
1325 316 1451 352 Ἀντι-

186 377 492 427 λαμὸανομένων
513 377 548 413 δ’
562 375 736 422 ἐκείνων,
754 377 1016 426 ὲκὸιαζόμενοι
1037 379 1102 414 καὶ
1120 378 1335 427 μαχόμενοι
1355 378 1452 428 ὁιέῤ-

185 439 307 491 ῥίψαν
327 443 377 478 τᾶ,
398 440 508 478 ὀστᾶ.
556 442 784 490 Πυθόμενος
803 441 845 478 δὲ
867 442 1050 487 Ἀννίὸας
1069 443 1134 478 καὶ
1155 443 1250 490 πρὸς
1269 443 1364 488 τοὺς
1383 455 1452 479 πα-

185 506 329 552 οόντας
351 504 484 550 εἰπών,
505 505 622 542 οὐδὲν
646 504 722 554 ἄρα
744 505 918 542 δυνατὸν
940 505 1126 554 γενέσθαι
1150 505 1318 552 ἄκοντος
1341 507 1451 554 θεοῦ,

186 570 269 615 τοῖς
286 570 359 619 μὲν
374 570 552 618 Νομάσιν
573 568 738 617 ἐπέθηκε
758 568 884 617 δίκην,
901 567 972 605 οὐκ
992 567 1052 606 ἔτι
1071 568 1114 606 δὲ
1135 569 1295 619 κομιδῆς
1313 569 1337 619 ἢ
1358 570 1451 607 συλ-

185 633 310 682 λογῆς
337 634 418 670 τῶν
445 633 651 681 λειψάνων
675 631 919 681 ἐφρόντισεν,
946 632 998 678 ὡς
1026 632 1074 682 δὴ
1104 636 1207 670 κατὰ
1234 634 1332 670 θεόν
1362 647 1454 671 τινα

184 698 250 734 καὶ
283 698 354 745 τῆς
381 696 572 745 τελευτῆς
600 697 666 733 καί
694 698 766 745 τῆς
796 695 969 745 ἀταφίας
996 697 1235 746 παραλόγως
1263 696 1367 735 οὕτω
1396 700 1451 748 τῷ

183 760 407 809 Μαρκέλλῳ
426 760 655 810 γενομένης.
713 762 851 797 Ταῦτα
872 762 945 807 μὲν
969 758 1041 798 οὖν
1060 760 1097 797 οἱ
1118 763 1204 810 περὶ
1224 762 1453 810 Κορνήλιον

184 825 355 862 Νέπωτα
375 825 440 861 καί
456 823 676 872 Οὐαλέριον
693 824 869 873 Μάξιμον
890 824 1132 873 ἱστορήκασι.
1176 825 1309 871 Λίὸιος
1324 825 1367 862 δὲ
1386 827 1454 863 καὶ

183 889 341 937 Καῖσαρ
370 887 390 924 ὁ
419 887 608 932 σεὸαστός
631 888 861 936 κομισθῆναι
885 889 960 936 τὴν
984 887 1124 937 ὑδρίαν
1148 890 1244 937 πρὸς
1267 890 1340 925 τὸν
1363 889 1454 926 υἱὸν

184 950 372 1000 εἰρήκασι,
393 952 459 987 καί
478 952 650 998 ταφῆναι
669 951 867 999 λαμπρῶς.
925 951 1038 988 Ρῖιιΐ.
1059 951 1099 988 in
1118 952 1293 996 Marcel„
1310 966 1341 989 c.
1365 955 1428 989 30.

236 1017 272 1050 4.
305 1014 494 1049 Ἀννίὸαν
513 1012 556 1049 δὲ
575 1013 822 1060 Μάρκελλος,
842 1012 894 1059 ὡς
912 1014 984 1063 μὲν
1005 1013 1041 1050 οἱ
1062 1016 1148 1064 περὶ
1166 1015 1369 1052 Πολύὸιον
1389 1016 1453 1052 λέ-

181 1089 337 1127 γουσιν,
357 1075 448 1114 οὐδὲ
468 1074 574 1121 ἅπαξ
590 1075 785 1125 ἐνίκησεν,
801 1076 892 1113 ἀλλ’
909 1076 1106 1126 ἀήττητος
1126 1077 1225 1128 ἀνὴρ
1245 1078 1353 1116 δοκεῖ
1371 1079 1452 1117 δια-

182 1142 367 1191 γενέσθαι
389 1141 503 1190 μέχρι
529 1140 759 1186 Σκιπίωνος.
817 1142 954 1191 “Ημεῖς
973 1141 1016 1178 δὲ
1035 1142 1169 1191 Λιὸίῳ,
1190 1143 1360 1192 Καίσαρι
1385 1145 1453 1181 καί

183 1205 354 1250 Νέπωτι,
375 1205 440 1241 καὶ
464 1199 545 1241 τῶν
568 1203 793 1253 ἑλληνικῶν
817 1206 872 1254 τῷ
895 1205 1057 1250 βασιλεῖ
1077 1206 1180 1256 Ἰόῦᾳ
1204 1206 1452 1256 πιστεύομεν,

182 1266 307 1317 ἥττας
329 1269 443 1314 τινας
466 1269 532 1305 καὶ
556 1269 703 1317 τροπάς
726 1267 803 1305 ὑπὸ
827 1270 1067 1317 Μαρκέλλου
1090 1271 1171 1306 τῶν
1191 1271 1267 1307 σὺν
1289 1271 1453 1321 Ἀννίόᾳ

182 1331 380 1382 γενέσθαι.
435 1331 548 1370 Plut.
570 1332 611 1370 in
631 1332 764 1382 Comp.
785 1333 913 1383 Peiop.
939 1347 1029 1371 cuin
1047 1334 1243 1379 Marcello,
1264 1348 1295 1372 c.
1317 1339 1333 1372 1

645 1517 889 1554 CAPUT
936 1517 988 1554 X.

241 1594 274 1626 1.
299 1589 426 1627 ConN.
443 1590 589 1634 NEPOS,
606 1590 669 1639 qui
688 1589 767 1628 divi
786 1591 955 1639 Augusti
972 1592 1189 1641 principatu
1209 1593 1311 1637 obiit,
1333 1607 1451 1642 quum

184 1654 369 1698 scriberet,
386 1654 513 1691 turdos
526 1655 652 1704 paullo
669 1660 756 1691 ante
772 1661 909 1704 coeptos
925 1655 1100 1703 saginari,
1119 1655 1275 1700 addjdjt‚
1292 1657 1452 1695 ciconias

183 1719 304 1767 magis
328 1719 486 1768 placere,
507 1731 623 1768 quam
645 1732 764 1767 grues,
785 1732 902 1768 quum
928 1720 1008 1756 haec
1033 1733 1134 1757 nunc
1158 1720 1234 1757 ales
1259 1720 1357 1758 inter
1380 1721 1452 1770 pri-

182 1795 266 1819 mas
285 1788 493 1832 expetatur,
514 1782 621 1819 iilam
640 1796 727 1819 vero
746 1796 856 1820 nemo
880 1783 973 1821 velit
1001 1784 1180 1833 attigisse.
1238 1785 1364 1830 Plin„
1390 1788 1449 1830 10,

179 1847 232 1884 23
252 1844 350 1897 (30).

235 1911 270 1946 2.
296 1909 412 1958 Apud
434 1909 605 1959 antiquos
623 1909 784 1959 piscium
802 1910 1054 1948 nobilissimus
1072 1912 1227 1949 habitus
1247 1913 1447 1963 acipenser.

179 1973 371 2010 -Postea
406 1973 636 2023 praecipuam
673 1974 938 2011 auctoritatem
970 1974 1081 2012 fuisse
1117 1976 1206 2025 lupo
1238 1982 1277 2013 et
1315 1976 1448 2021 asellis,

178 2037 294 2074 Corn.
308 2036 437 2086 Nepos
451 2042 489 2074 et
504 2035 701 2081 Laberius,
718 2044 829 2087 poeta
844 2039 1058 2083 mimorum,
1073 2040 1270 2076 tradidere.
1321 2040 1447 2084 Ptin,

179 2098 406 2151 9,17(28).

231 2165 269 2200 3.
296 2162 524 2211 Magnitudo
548 2162 638 2213 (loto
668 2164 816 2216 arbori),
842 2179 923 2214 quae
950 2166 1040 2215 piro,
1065 2179 1298 2216 quamquam
1321 2167 1448 2216 Nepos

123 2242 129 2248 ·
179 2225 378 2264 Cornelius
399 2226 552 2263 brevem
580 2228 716 2264 tradat.
728 2228 934 2265 —Vinum
957 2242 1101 2278 quoque
1128 2230 1352 2279 exprimitur
1378 2230 1446 2273 illi,

178 2289 302 2327 simile
324 2288 575 2338 mu1s0‚quod
596 2290 699 2326 ultra
721 2289 832 2327 denos
854 2290 931 2327 dies
952 2298 1068 2339 negat
1090 2292 1225 2328 durare
1247 2293 1348 2329 idem
1371 2292 1448 2329 Ne-

178 2366 252 2402 pos,
287 2350 498 2400 baccasquc
530 2358 703 2390 contusas
736 2367 824 2390 cum
857 2354 955 2391 alica
987 2355 1035 2391 ad
1068 2355 1167 2392 cibos
1199 2355 1294 2393 dolio
1327 2356 1444 2394 condi.

181 2417 308 2456 Pan..
334 2419 392 2460 13,
418 2418 463 2453 17
485 2414 583 2467 (32).

820 2469 886 2503 1³52
