1575 2771
130 221 194 280 4]
580 239 671 266 xnn
705 239 960 266 ΊῚΜΟΤΗΕΗΒ.
1310 226 1318 233 ’
1350 233 1404 270 59

588 443 830 481 CAPUT
869 444 950 481 IV.

186 519 218 553 1.
248 516 380 555 HUJUS
402 523 485 567 post
507 524 669 555 mortem
692 531 809 567 quum
828 519 1009 567 populum
1023 518 1156 567 judicii
1175 519 1232 556 sui
1251 520 1403 569 poenite-

128 585 194 623 ret,
211 581 342 618 multae
361 594 497 618 novem
515 587 642 630 partes
657 581 821 618 detraxit
836 587 874 618 et
890 582 1019 619 decem
1035 583 1181 619 talenta
1197 583 1400 628 Cononem,

127 643 250 681 filium
283 644 372 693 ejus,
403 645 451 681 ad
484 644 584 682 muri
617 645 823 694 quamdam
850 652 999 695 partem
1025 645 1267 684 reficiendam
1289 648 1402 696 jussit

127 707 226 744 dare.
276 707 325 744 In
343 721 414 757 quo
430 708 586 745 fortunae
603 709 767 746 varietas
786 716 842 746 est
863 709 1136 747 animadversa.
1185 711 1293 748 Nam
1311 725 1402 761 quos

127 783 221 807 avus
241 770 372 808 Conon
391 785 516 809 muros
535 786 582 809 ex
600 772 767 809 hostium
786 771 912 822 praeda
931 774 1062 822 patriae
1081 774 1307 818 restituerat,
1328 788 1401 812 eos-

127 833 213 871 dem
235 849 358 884 nepos,
379 849 467 873 cum
490 850 640 873 summa
663 836 868 885 ignominia
887 837 1049 880 familiae,
1071 851 1118 874 ex
1137 851 1205 875 sua
1223 852 1261 875 re
1281 838 1400 876 famil-

126 898 196 935 iari
218 899 369 936 reficere
392 906 545 948 coactus
567 906 633 937 cst.
693 903 727 936 2.
759 901 951 937 Timothei
974 907 1104 938 autem
1125 900 1326 938 moderatae
1346 915 1400 938 sa-

126 962 334 1012 pientisque
353 963 442 1000 vitae
463 977 579 1011 quum
598 964 775 1012 pleraque
794 964 976 1012 possimus
994 964 1154 1012 proferre
1173 965 1398 1009 testimonia,

126 1039 200 1062 uno
222 1026 362 1062 erimus
386 1026 562 1069 contenti,
583 1025 681 1074 quod
704 1039 750 1062 ex
773 1040 814 1062 eo
833 1026 941 1062 facile
965 1027 1098 1075 conjici
1116 1027 1263 1076 poterit,
1284 1041 1400 1077 quam

125 1102 234 1126 carus
266 1089 342 1126 suis
374 1089 499 1126 fuerit.
556 1089 688 1134 Quum
718 1089 880 1126 Athenis
913 1090 1211 1128 adolescentulus
1243 1105 1400 1128 causam

126 1152 274 1196 diceret,
295 1166 370 1190 non
392 1153 514 1190 solum
537 1153 650 1190 amici
672 1153 885 1203 privatique
908 1154 1072 1203 hospites
1095 1155 1143 1191 ad.
1166 1168 1254 1192 eum
1276 1155 1399 1192 defen-

125 1214 293 1253 dendum
320 1222 584 1260 convenerunt,
606 1215 670 1253 sed
698 1217 816 1254 ctiam
843 1217 883 1254 in
905 1217 958 1254 eis
980 1217 1006 1254 J
1010 1231 1100 1254 ason
1122 1224 1314 1267 tyrannus,
1336 1219 1399 1267 qui

125 1281 188 1316 illo
216 1286 382 1329 tempore
408 1280 480 1317 fuit
508 1280 677 1317 omnium
704 1281 994 1330 potentissimus.
1053 1283 1088 1317 3.
1120 1281 1196 1318 Hic
1219 1295 1338 1331 quum
1359 1282 1400 1319 in

124 1343 249 1394 patria
271 1344 348 1380 sine
376 1344 600 1380 satellitibus
629 1357 666 1380 se
694 1350 822 1381 tutum
849 1358 924 1381 non
948 1344 1204 1388 arbitraretur,
1225 1346 1399 1382 Athenas

125 1408 203 1444 sine
222 1408 299 1444 ullo
317 1407 484 1457 praesidio
504 1407 609 1444 venit
627 1407 800 1456 tantique
819 1408 1006 1457 hospitem
1024 1408 1124 1452 fecit,
1145 1414 1189 1445 ut
1208 1409 1341 1446 mallet
1360 1423 1398 1446 se

124 1471 258 1521 capitis
279 1471 490 1521 periculum
513 1471 624 1515 adire,
646 1484 761 1520 quam
782 1471 983 1508 Timotheo
1007 1472 1052 1508 de
1074 1472 1180 1509 fama
1202 1470 1398 1510 dimicanti

124 1533 259 1572 deesse.
304 1535 421 1572 Hunc
436 1535 612 1572 adversus
627 1540 758 1571 tamen
771 1535 995 1572 Timotheus
1009 1541 1139 1584 postea
1153 1536 1280 1585 populi
1290 1537 1398 1585 jussu

124 1599 267 1635 bellum
295 1598 407 1646 gessit
435 1598 638 1647 patriaeque
666 1598 851 1635 sanctiora
871 1599 970 1647 jura,
995 1613 1111 1647 quam
1133 1600 1295 1648 hospitii,
1320 1614 1397 1637 esse

125 1661 244 1699 duxit.
301 1665 338 1698 4.
368 1662 462 1698 Haec
490 1668 660 1698 extrema
682 1661 754 1698 fuit
782 1668 874 1698 zetas
896 1662 1168 1711 imperatorum
1190 1663 1397 1700 Athenien·

125 1726 235 1770 sium,
265 1726 479 1775 Iphicratis,
512 1725 698 1768 Chabriae,
729 1725 949 1770 Timothei3
984 1739 1104 1774 neque
1137 1731 1219 1774 post
1246 1726 1395 1765 illorum

125 1789 271 1828 obitum
289 1790 488 1840 quisquam
506 1790 584 1827 dux
603 1789 642 1825 in
660 1789 726 1826 issa
745 1789 836 1826 urbe
855 1789 927 1826 fuit
946 1789 1080 1838 dignus
1099 1789 1290 1827 memoria.
