1575 2771
405 491 506 548 IV.
580 491 1133 548 PAUSANIAS.

616 689 859 726 CAPUT
898 690 930 727 Ι.

197 766 230 799 1.
261 763 483 807 PAUSANIAS,
508 762 828 807 Lacedaemonius,
857 778 1019 812 magnus
1046 765 1168 807 homo,
1193 763 1257 801 sed
1283 763 1410 801 varius

140 825 180 863 in
198 826 300 863 omni
319 840 453 875 genere
472 827 560 863 vitae
581 827 664 863 fuit.
722 827 829 863 Nam
848 834 892 864 ut
911 828 1117 864 virtutibus
1136 828 1266 871 eluxit,
1289 827 1339 865 sie
1358 828 1411 864 vi-

141 889 203 926 tiis
221 896 278 927 est
297 891 463 927 obrutus.
517 893 552 927 2.
583 891 711 938 Hujus
729 891 1023 928 illustrissimum
1043 899 1098 928 est
1118 892 1291 941 proeh'um
1312 891 1412 941 apud

143 954 317 991 Plataeas.
375 954 555 1003 Namque
588 955 651 990 illo
685 953 779 990 duee
813 954 1046 998 lilardonius,
1076 961 1244 1004 satrapes
1277 955 1410 1003 regim,

141 1018 292 1054 natione
313 1016 461 1060 Medus,
483 1018 579 1065 regis
602 1031 724 1065 gener,
746 1018 785 1054 in
807 1017 937 1066 primis
959 1018 1129 1054 omnium
1149 1019 1352 1055 Persarum
1375 1024 1413 1055 et

140 1094 258 1118 manu
273 1081 377 1118 sortis
392 1087 430 1118 et
445 1081 585 1118 consilii
600 1081 744 1130 plenus,
759 1095 846 1117 cum
862 1079 1033 1118 ducentis
1048 1081 1213 1119 millibus
1228 1081 1411 1131 peditum,

140 1158 232 1194 quos
253 1144 398 1182 viritim
426 1145 579 1193 legerat,
606 1151 643 1181 et
667 1144 802 1192 viginti
830 1145 996 1182 millibus
1024 1145 1206 1194 equitum,
1230 1144 1334 1183 haud
1359 1146 1414 1183 ita

142 1221 283 1257 magna
314 1222 433 1245 manu
463 1208 620 1245 Graeciae
653 1208 806 1257 fugatus
836 1214 902 1252 est,
928 1222 1041 1258 eoque
1070 1209 1147 1258 ipse
1176 1208 1255 1248 dux
1282 1209 1414 1247 cecidit

141 1273 278 1322 proelio.
336 1274 371 1309 3.
398 1272 486 1318 Qua
513 1272 673 1309 victoria
701 1273 824 1309 elatus
852 1272 1018 1322 plurima
1045 1273 1199 1310 miscere
1228 1274 1350 1323 eoepit,
1375 1280 1414 1311 et

141 1337 287 1386 majora
314 1337 583 1386 concupiscere.
642 1335 717 1374 Sed
744 1336 911 1386 primum
939 1336 978 1373 in
1006 1350 1047 1373 eo
1076 1343 1132 1374 est
1158 1339 1413 1387 reprehensus,

141 1399 239 1450 quod
258 1414 305 1438 ex
322 1399 450 1450 praeda
468 1399 653 1450 tripodem
674 1414 831 1437 aureum
848 1400 1215 1450 Delphis'posuisset,
1233 1401 1415 1450 epigram-

143 1471 247 1502 mate
267 1465 413 1514 scripto,
430 1464 470 1501 in
489 1478 561 1513 quo
581 1470 663 1501 erat
683 1465 762 1501 haec
783 1464 970 1501 sententia
986 1477 992 1501 :
1023 1477 1089 1501 suo
1105 1463 1222 1501 ductu
1237 1464 1416 1502 barbaros

144 1527 245 1578 apud
263 1529 429 1566 Plataeas
451 1542 528 1565 esse
548 1526 688 1565 deletos
707 1528 858 1576 ejusque
877 1528 1042 1565 vietoriae
1063 1542 1150 1576 ergo
1169 1528 1337 1578 Apollini
1356 1527 1415 1566 do-

144 1605 239 1631 num
266 1590 419 1629 dedisse.
476 1595 512 1628 4.
542 1592 624 1628 Hos
650 1605 779 1628 versus
807 1590 1087 1628 Lacedaemonii
1116 1593 1412 1641 exsculpserunt,

144 1669 264 1704 neque
297 1653 402 1692 aliud
434 1654 670 1703 seripserunt,
701 1668 818 1703 quam
850 1655 1004 1691 nomina
1036 1668 1168 1691 earum
1201 1656 1413 1700 civitatum,

144 1732 308 1762 Quarum
327 1718 466 1755 auxilio
486 1718 609 1755 Persae
628 1723 737 1754 erant
756 1716 860 1754 victi.

605 1900 847 1938 CAPUT
886 1900 953 1938 ΙΙ.

202 1981 236 2015 1.
256 1978 359 2015 Pos'r
378 1975 417 2013 id
435 1975 609 2026 proelium
629 1973 804 2012 eumdem
824 1975 1058 2012 Pausaniam
1076 1989 1163 2013 cum
1182 1977 1298 2014 classe
1318 1991 1415 2015 com-

145 2041 254 2079 muni
273 2041 444 2091 Cyprum
467 2046 579 2089 atquc
601 2039 894 2088 Hellespontum
916 2039 1112 2084 miserunt,
1136 2047 1180 2077 ut
1209 2055 1255 2078 ex
1282 2042 1340 2078 his
1363 2056 1415 2079 re-

145 2105 316 2155 gionibus
333 2104 581 2142 barbarorum
599 2101 770 2153 praesidia
789 2101 1001 2152 depelleret.
1060 2106 1094 2140 2.
1125 2105 1216 2141 Pari
1235 2105 1415 2143 felicitate

146 2169 187 2206 in
213 2182 258 2206 ea
279 2182 318 2205 re
346 2181 436 2205 usus
463 2167 600 2205 elatius
627 2180 664 2204 se
687 2181 815 2215 gerere
838 2167 960 2217 coepit‚
984 2168 1216 2218 majoresque
1240 2176 1415 2219 appetere

146 2245 215 2269 res.
271 2232 378 2269 Nam
406 2245 535 2281 quum,
561 2232 746 2281 Byzantio
774 2239 998 2281 expugnato,
1024 2233 1178 2282 cepisset
1207 2235 1415 2283 complures

149 2297 352 2334 Persarum
378 2295 529 2338 nobiles,
556 2302 670 2344 atque
697 2296 737 2332 in
764 2296 822 2332 his
844 2297 1040 2333 nonnullos
1063 2298 1158 2345 regis
1180 2298 1413 2346 propinquos,

149 2362 215 2398 hos
238 2361 338 2397 elam
361 2359 481 2396 Xerxi
503 2359 656 2402 remisit,
683 2359 864 2398 simulans
899 2372 946 2396 ex
967 2360 1126 2396 vinculis
1148 2360 1305 2409 publicis
1328 2362 1415 2398 ess'u-

150 2425 267 2474 gisse;
298 2430 336 2460 et
359 2437 446 2460 cum
468 2423 525 2459 his
549 2423 767 2471 Gongylum
790 2422 1055 2466 Eretriensem,
1081 2424 1142 2472 qui
1166 2424 1312 2461 litteras
1339 2426 1415 2474 regi

151 2486 331 2531 redderet,
356 2487 395 2524 in
417 2487 549 2537 quibus
571 2487 650 2523 haec
673 2486 781 2523 fuisse
805 2486 943 2535 scripta
967 2485 1207 2536 'l'hucydides
1229 2489 1415 2528 memoriae
