1575 2771
131 209 170 252 3,
191 204 253 258 4.]
597 213 652 239 1v.
684 211 931 239 PAUSANIAS.
1345 201 1395 239 21

127 307 229 344 enim
257 303 403 354 legibus
435 315 564 340 eorum
591 301 711 339 cuivis
739 301 874 350 ephoro
901 300 972 337 hoc
999 299 1121 336 facere
1148 299 1239 348 regi.
1296 300 1399 338 Hjnc

127 377 259 408 tamen
290 383 329 406 se
362 366 575 417 expedivit;
611 380 731 415 neque
764 379 806 402 eo
840 364 962 413 magis
995 363 1149 400 carebat
1182 364 1398 413 suspicione.

130 430 236 469 Nam
268 430 390 480 opinio
423 428 616 472 manebat,
646 441 735 465 eum
763 440 852 464 cum
881 440 967 474 rege
994 424 1135 462 habere
1169 426 1400 463 societatem.

128 497 163 532 6.
194 495 267 532 Est
289 507 408 543 genus
430 491 618 542 quoddam
640 491 849 533 hominum,
872 488 969 539 quod
992 490 1099 527 Ilotae
1122 496 1290 533 vocatur,
1316 491 1402 539 quo-

125 573 213 597 rum
234 572 377 607 magna
398 555 603 594 multitudo
632 570 741 604 agros
763 554 1139 592 Lacedaemoniorum
1167 555 1255 592 colit
1283 569 1402 592 servo-

125 636 283 672 rumque
306 635 460 659 munere
483 620 664 669 fungitur.
721 620 970 668 Hosquoque
993 619 1192 656 sollicitare
1213 633 1276 668 spe
1295 618 1402 656 liber-

128 686 217 724 tatis
235 685 536 723 existimabatur.
587 685 622 721 7.
647 682 722 721 Sed
737 682 835 733 quod
848 684 988 720 harum
1002 696 1130 720 rerum
1149 684 1299 720 nullum
1319 690 1402 720 erat

126 756 301 800 apertum
320 749 473 793 crimen,
490 762 561 798 quo
578 748 688 797 argui
702 754 835 798 posset,
852 761 927 784 non
945 747 1145 797 putabant,
1163 746 1209 784 de
1224 748 1292 784 tali
1306 754 1403 785 tam-

125 828 196 863 que
225 814 324 851 claro
347 813 427 850 viro
451 811 720 862 suspicionibus
742 818 911 862 oportere
928 810 1101 860 judicari,
1127 818 1165 849 et
1187 819 1403 861 exspectan-

126 876 229 922 dum,
251 876 345 914 dum
365 891 402 914 se
421 877 503 926 ipsa
521 890 580 914 res
600 876 772 926 aperiret.

583 1060 827 1098 CAPUT
866 1060 947 1098 IV.

185 1139 218 1173 1.
248 1135 423 1173 INTERIM
450 1135 619 1184 Argilius
647 1134 813 1185 quidam,
841 1134 1149 1181 adolescentulus,
1174 1151 1287 1187 quem
1313 1153 1402 1188 pue-

127 1214 214 1238 rum
240 1200 453 1237 Pausanias
481 1198 675 1243 dilexerat,
693 1213 810 1249 quum
838 1200 1036 1250 epistolam
1066 1200 1114 1238 ab
1142 1215 1184 1238 eo
1213 1200 1262 1238 ad
1290 1203 1403 1239 Arta-

129 1263 267 1302 bazum
296 1264 507 1313 accepisset,
533 1264 639 1313 eique
666 1264 707 1301 in
729 1264 976 1314 suspicionem
998 1265 1170 1309 venisset,
1197 1265 1337 1315 aliquid
1364 1266 1402 1304 in

127 1342 174 1366 ea
195 1327 241 1365 de
264 1341 302 1365 se
323 1341 401 1365 esse
423 1327 616 1377 scriptum,
641 1327 739 1377 quod
766 1342 876 1365 nemo
898 1342 1027 1366 eorum
1053 1328 1230 1373 rediisset,
1255 1330 1318 1379 qui
1346 1344 1403 1368 su-

128 1406 194 1443 per
221 1392 293 1430 tali
315 1406 431 1430 causa
452 1391 583 1429 eodem
604 1392 708 1429 missi
735 1399 854 1436 erant,
878 1393 1033 1430 vincula
1055 1394 1215 1443 epistolae
1244 1395 1402 1438 laxavit,

129 1457 306 1506 signoque
338 1455 508 1494 detracto
546 1457 730 1505 cognovit,
761 1457 791 1494 si
827 1458 1051 1506 pertulisset,
1088 1457 1157 1494 sibi
1190 1471 1267 1495 esse
1304 1472 1404 1508 pere-

130 1519 286 1559 undum.
344 1523 379 1557 2.
409 1521 536 1558 Erant
563 1521 604 1558 in
631 1519 766 1558 eadem
793 1522 959 1571 epistola,
985 1536 1067 1571 quae
1097 1521 1145 1559 ad
1173 1536 1219 1559 ea
1244 1522 1405 1572 pertine-

129 1583 235 1628 bant,
265 1598 346 1633 quae
379 1585 479 1622 inter
505 1598 634 1633 regem
661 1585 969 1634 Pausaniamque
999 1593 1264 1623 convenerant.
1321 1587 1406 1623 Has

131 1649 195 1686 ille
216 1649 362 1685 litteras
384 1648 530 1697 ephoris
552 1647 721 1685 tradidit.
779 1651 815 1685 3.
845 1649 936 1685 Non
963 1656 1019 1685 est
1042 1648 1302 1698 praetereunda
1324 1663 1406 1697 gra-

132 1713 232 1750 vitas
258 1711 634 1749 Lacedaemoniorum
661 1712 731 1749 hoc
758 1713 848 1749 loco.
906 1712 1014 1749 Nam
1041 1726 1088 1749 ne
1115 1713 1227 1761 hujus
1255 1712 1407 1762 quidem

132 1775 267 1814 indicio
286 1776 439 1826 impulsi
454 1783 553 1819 sunt,
570 1783 614 1813 ut
629 1776 862 1813 Pausaniam
882 1776 1238 1826 comprehenderent
1254 1790 1262 1821 ;
1286 1791 1407 1826 neque

132 1841 236 1891 prius
254 1841 335 1878 vim
358 1838 613 1878 adhibendam
632 1846 876 1889 putaverunt,
898 1854 1015 1889 quam
1037 1854 1075 1877 se
1097 1840 1174 1890 ipse
1194 1839 1404 1878 indicasset.

134 1908 170 1942 4.
200 1905 338 1954 Itaque
360 1904 449 1941 huic
472 1903 596 1948 indici,
618 1903 708 1953 quid
730 1904 810 1941 fieri
833 1905 985 1948 vellent,
1006 1911 1276 1954 praeceperunt.
1334 1905 1408 1942 Fa-

133 1983 227 2006 num
246 1968 420 2018 Neptuni
443 1975 498 2005 est
519 1968 682 2011 Taenari,
705 1967 802 2017 quod
824 1968 957 2005 violari
979 1968 1084 2006 nefas
1105 1975 1245 2018 putant
1269 1969 1405 2006 Graeci.

135 2034 194 2071 Eo
213 2033 276 2070 ille
294 2031 408 2070 index
426 2032 594 2081 confugit
610 2045 618 2077 ;
648 2032 688 2069 in
707 2046 774 2069 ara
794 2031 969 2070 consedit.
1022 2033 1135 2069 Hanc
1150 2033 1264 2081 juxta
1283 2033 1409 2070 locum

135 2096 304 2134 fecerunt
323 2095 391 2134 sub
411 2102 522 2140 terra,
544 2110 592 2133 ex
610 2110 681 2145 quo
696 2104 818 2146 posset
839 2095 968 2140 audiri,
990 2097 1020 2133 si
1040 2097 1121 2145 quis
1140 2096 1228 2146 quid
1247 2098 1409 2146 loquere-

135 2169 199 2199 tur
227 2175 315 2199 cum
344 2162 500 2210 Argilio.
558 2161 648 2198 Huc
681 2175 729 2198 ex
761 2161 907 2210 ephoris
936 2159 1090 2210 quidam
1124 2160 1406 2198 descenderunt.

139 2228 184 2279 5..
205 2225 424 2268 Pausanias,
448 2231 492 2262 ut
516 2223 661 2261 audivit
682 2225 874 2273 Argilium
897 2225 1103 2273 confugisse
1125 2225 1165 2261 in
1189 2238 1306 2267 aram,
1331 2237 1410 2273 per·

139 2287 313 2326 turbatus
334 2288 440 2325 venit
461 2302 514 2325 eo.
572 2288 698 2333 Quem
726 2301 844 2336 quum
873 2288 1080 2337 supplicem
1108 2288 1182 2324 Dei
1205 2286 1348 2324 videret
1370 2287 1411 2324 in

140 2366 207 2390 ara
226 2350 426 2395 sedentem,
448 2351 591 2400 quaerit,
613 2364 735 2388 causae
754 2349 843 2399 quid
866 2351 914 2387 sit
933 2357 1015 2387 tam
1034 2351 1227 2400 repentino
1248 2350 1408 2388 consilio.

142 2416 243 2454 Huic
262 2415 335 2459 ille,
353 2413 442 2464 quid
461 2428 507 2451 ex
526 2414 661 2451 litteris
680 2414 928 2463 comperisset,
947 2414 1076 2463 aperit.
1135 2416 1169 2450 6.
1196 2412 1313 2451 Modo
1331 2427 1410 2451 ma·

141 2481 196 2531 gis
211 2480 420 2518 Pausanias
439 2480 680 2530 perturbatus
699 2492 804 2516 orare
824 2479 946 2530 coepit,
963 2493 1010 2516 ne
1030 2479 1256 2525 enuntiaret,
1273 2493 1341 2518 nec
1360 2494 1406 2524 se²
