1575 2771
124 218 162 261 2,
180 218 216 260 3,
231 214 291 268 4.]
622 229 691 255 x11.
719 230 935 257 cuAmuAs.
1334 224 1387 258 55

124 315 161 352 in
176 330 214 352 rc
228 317 335 353 nulla
347 317 521 366 Agesilao
537 318 691 362 cederet,
709 333 777 355 sua
795 325 924 368 sponte
940 332 999 355 eos
1015 319 1189 367 adjutum
1204 320 1387 368 profectus

125 379 314 428 AEgyptiae
334 380 441 417 classi
461 380 619 429 praesuit,
628 381 858 430 pedestribus
877 382 990 431 copiis
1010 382 1218 430 Agesilaus.
1273 430 1275 432 q

564 563 804 600 CAPUT
842 564 942 601 ΙΙΙ.

177 641 209 673 1.
241 637 332 674 TUM
358 637 521 686 praefeeti
550 638 644 685 regis
672 637 806 674 Persiae
834 638 977 686 legatos
1009 638 1193 676 miserunt
1216 639 1389 676 Athenas

119 707 303 749 questum,
319 701 416 749 quod
429 700 615 737 Chabrias
631 701 829 737 adversum
844 715 969 749 regem
983 701 1127 738 bellum
1142 708 1284 750 gereret
1300 716 1388 739 oum

119 765 324 814 AEgyptiis.
381 765 631 802 Athenienses
650 766 749 802 diem
769 772 910 802 certam
931 765 1105 802 Chabriae
1124 767 1386 815 praestiterunt,

119 842 235 877 quam
256 835 343 865 ante
362 829 515 865 domum
536 830 606 865 nisi
626 830 787 872 redisset,
805 829 939 877 capitis
959 843 995 865 se
1015 830 1124 866 illum
1144 830 1386 866 damnaturos

120 892 403 929 denuntiarunt.
469 893 553 929 Hoc
586 893 648 928 ille
681 892 813 928 nuntio
840 893 1013 928 Athenas
1046 893 1155 929 rediit
1189 906 1307 941 neque
1337 893 1387 929 ibi

121 953 260 991 diutius
279 961 334 992 est
353 962 531 998 moratus,
549 969 663 1004 quani
679 955 749 991 fuit
768 968 924 991 necesse.
953 976 956 980 ⁴
983 958 1017 990 2.
1044 956 1134 991 Non
1153 956 1254 991 enim
1274 955 1387 992 liben-

121 1025 177 1055 ter
199 1025 279 1055 erat
303 1025 391 1054 ante
413 1019 537 1054 oculos
556 1018 697 1054 civium
720 1031 871 1053 suorum
888 1030 894 1053 :
925 1018 1021 1065 quod
1040 1023 1077 1053 et
1096 1018 1250 1054 vivebat
1269 1019 1384 1061 laute,

119 1088 158 1118 et
180 1079 400 1129 indulgebat
423 1080 492 1117 sibi
515 1080 715 1123 liberalius,
737 1093 852 1129 quam
874 1087 917 1117 ut
940 1080 1123 1117 invidiam
1142 1081 1247 1129 vulgi
1265 1088 1387 1130 posset

119 1145 292 1193 effugere.
350 1147 385 1181 3.
411 1145 483 1181 Est
499 1144 599 1181 enim
614 1144 683 1180 hoe
698 1157 896 1180 commune
911 1144 1050 1180 vitium
1065 1144 1104 1180 in
1119 1145 1266 1192 magnis
1281 1144 1387 1182 liber-

121 1209 222 1258 isque
237 1208 464 1252 civitatibus,
481 1214 525 1244 ut
539 1208 683 1244 invidia
701 1208 824 1255 gloriae
840 1221 961 1244 comes
981 1208 1028 1244 sit
1043 1214 1080 1244 ct
1097 1207 1255 1244 libenter
1270 1209 1314 1245 de
1330 1209 1388 1245 his

119 1273 332 1316 detrahant,
353 1286 442 1321 quos
464 1272 626 1308 eminere
648 1272 802 1307 videant
827 1271 964 1315 altius;
994 1285 1113 1320 neque
1137 1271 1261 1308 animo
1285 1285 1388 1320 aequo

120 1348 300 1385 pauperes
328 1335 491 1372 alienam
513 1335 748 1384 opulentiam
771 1335 967 1371 intuentur
989 1334 1190 1371 fortunam.
1247 1338 1283 1371 4.
1310 1335 1388 1372 Ita-

119 1413 191 1448 que
215 1398 411 1442 Chabrias,
436 1399 557 1448 quoad
584 1399 618 1435 ei
646 1397 794 1441 licebat,
818 1398 1026 1447 plurimum
1054 1397 1195 1435 aberat.
1252 1398 1387 1448 Neque

120 1477 206 1499 vero
229 1463 325 1500 solus
346 1463 409 1499 ille
432 1463 562 1499 aberat
581 1462 742 1498 Athenis
764 1460 933 1505 libenter,
958 1460 1021 1498 sed
1044 1475 1170 1498 omnes
1193 1461 1267 1498 fere
1291 1462 1388 1511 prin-

120 1527 219 1576 cipes
247 1526 413 1563 secerunt
440 1525 566 1563 idem:
597 1526 694 1575 quod
716 1531 869 1562 tantum
897 1539 935 1561 se
964 1524 1011 1561 ab
1035 1524 1179 1561 invidia
1200 1525 1388 1574 putabant

121 1590 324 1633 abfuturos,
338 1596 525 1638 quantum
541 1603 564 1626 a
579 1595 777 1638 conspectu
793 1602 945 1625 suorum
960 1589 1202 1626 recessissent.
1252 1590 1388 1638 Itaque

122 1653 254 1689 Conon
275 1653 481 1701 plurimum
502 1652 618 1701 Cypri
641 1652 747 1694 vixit,
770 1652 979 1700 Iphicrates
1002 1652 1041 1688 in
1061 1652 1238 1695 Thracia,
1261 1653 1388 1688 Timo-

122 1717 232 1752 theus
253 1714 380 1759 Lesbi,
403 1715 546 1752 Chares
576 1715 616 1751 in
647 1715 768 1762 Sigeo.
838 1714 1040 1750 Dissimilis
1067 1715 1217 1763 quidem
1246 1715 1389 1751 Chares

122 1780 257 1816 horum
276 1785 314 1815 et
333 1778 441 1815 factis
459 1784 497 1815 et
515 1778 698 1822 moribus,
724 1776 787 1814 sed
805 1783 936 1814 tamen
952 1778 1114 1814 Athenis
1133 1784 1171 1815 et
1186 1779 1389 1816 honoratus

121 1848 160 1879 et
177 1848 319 1892 potens,

576 2020 817 2057 CAPUT
856 2021 935 2057 IV.

179 2099 212 2132 1.
238 2095 436 2133 CHABRIAS
457 2101 587 2132 autem
601 2095 712 2144 periit
725 2096 821 2132 bello
841 2095 967 2132 sociali
982 2096 1051 2132 tali
1066 2097 1185 2133 modo.
1238 2097 1390 2146 Oppug<

122 2157 267 2196 nabant
282 2159 530 2196 Athenienses
546 2147 699 2196 Chiurri.
757 2159 856 2196 Erat
874 2159 914 2196 in
933 2160 1048 2197 classe
1065 2159 1251 2197 Chabrias
1270 2161 1389 2209 priva-

124 2228 196 2265 tus,
217 2223 280 2258 sed
298 2236 435 2265 omnes,
452 2223 516 2271 qui
535 2223 574 2259 in
593 2223 820 2270 magistratu
840 2228 958 2266 erant,
976 2223 1201 2260 auctoritate
1221 2222 1391 2259 anteibat

125 2273 284 2333 eur-nque
321 2285 442 2332 magis
478 2285 627 2328 milites,
662 2299 779 2333 quam
816 2286 879 2333 qui
916 2292 1110 2334 praeerant,
1147 2286 1389 2334 aspiciebant.

127 2351 162 2384 2.
188 2347 282 2392 Quae
301 2361 357 2384 res
372 2348 406 2384 ei
420 2347 629 2384 maturavit
648 2354 819 2383 mortem.
876 2347 983 2384 Nam
998 2346 1090 2384 dum
1105 2348 1247 2396 primus
1266 2347 1393 2385 studet

125 2417 277 2461 portum
306 2410 447 2447 intrare
476 2409 835 2458 gubernatoremque
859 2409 968 2458 jubet
996 2424 1037 2446 eo
1060 2411 1215 2458 dirigere
1242 2424 1393 2456 navem,

127 2473 204 2524 ipse
226 2473 296 2512 sibi
317 2473 494 2524 perniciei
516 2473 598 2511 fuit.
656 2473 787 2519 Quum
810 2473 911 2510 enim
934 2486 976 2510 eo
998 2479 1238 2522 penetrasset,
1264 2481 1394 2514 ceterae
