1575 2771
124 188 164 232 6,
186 188 225 232 7,
245 185 308 240 8.]
666 199 706 225 x.
739 199 851 226 111011.
1339 193 1394 231 49

121 287 237 324 vellet
261 300 435 324 revocare
464 285 513 324 ad
535 287 718 325 virtutem
747 301 770 325 a
791 286 940 338 perdita
960 288 1122 333 luxuria,
1148 290 1292 340 accepit
1314 305 1395 340 gra«

99 346 104 350 ’
122 350 317 388 vissimum
334 364 469 400 pareus
488 352 627 388 vulnus
646 358 766 388 morte
785 352 865 389 fflii.
923 354 959 389 3.
990 351 1138 390 Deinde
1157 360 1240 390 orta
1259 352 1393 392 dissen—

119 414 172 451 sio
194 421 251 452 est
271 415 371 452 inter
392 428 480 452 eum
502 422 540 452 et
559 413 814 459 Heraclidem,
835 416 910 464 qui,
932 414 1029 465 quod
1047 417 1305 467 principatum
1319 431 1393 455 non

118 477 356 522 concedebat,
373 478 576 516 factionem
595 478 841 528 comparavit.
890 479 1027 528 Neque
1046 480 1077 517 is
1095 480 1220 518 minus
1239 472 1394 518 valebat

118 541 221 592 apud
238 542 450 592 optimates,
468 555 626 591 quorum
645 556 824 579 consensu
843 550 1002 592 praeerat
1022 544 1140 587 classi,
1158 558 1277 593 quum
1292 544 1394 582 Dion

117 606 325 644 exercitum
344 605 555 656 pedestrem
574 612 730 643 teneret.
779 609 816 643 4.
838 606 929 643 Non
948 607 1038 644 tulit
1053 608 1123 644 hoc
1143 608 1269 645 animo
1288 622 1392 658 aequo

118 669 228 714 Dion,
246 677 284 708 et
302 683 454 707 versum
471 670 582 706 illum
602 669 761 706 Homeri
780 670 909 707 retulit
929 684 976 707 ex
998 669 1162 708 secunda
1180 670 1388 721 rhapsodia‚

115 734 155 770 in
168 748 241 783 quo
260 734 341 771 haec
360 734 547 771 sententia
562 740 617 770 est
634 746 641 770 :
672 733 763 770 Non
781 747 884 783 posse
903 733 998 771 bene
1017 735 1095 783 geri
1115 734 1390 784 rempublicam

114 799 323 835 multorum
341 798 516 847 irnperiis.
574 796 685 842 Quod
705 796 852 835 dictum
870 811 1011 847 magna
1029 797 1173 835 invidia
1192 806 1391 836 consecuta

113 868 181 898 est.
237 861 418 910 Namque
447 861 632 910 aperuisse
655 859 865 904 videbatur,
891 862 1019 898 omnia
1045 862 1085 898 in
1113 875 1182 899 sua
1203 869 1390 912 potestate

113 938 190 961 esse
209 925 317 962 velle.
376 927 410 962 5.
442 925 555 961 Hanc
577 924 640 961 ille
663 938 739 961 non
756 925 872 961 lenire
895 924 1079 974 obsequio,
1101 925 1164 962 sed
1184 927 1389 964 acerbitate

112 988 320 1037 opprimere
339 988 496 1031 studuit,
509 986 837 1036 Heraclidemque‚
855 1001 974 1037 quum
995 989 1201 1037 Syracusas
1215 989 1386 1033 venisset,

112 1049 413 1088 interficiendum
432 1050 590 1087 curavit.

550 1231 794 1271 CAPUT
832 1232 948 1269 VII.

167 1311 200 1344 1.
235 1307 347 1353 Quor>
384 1307 531 1344 factum
568 1307 742 1344 omnibus
778 1307 993 1344 maximum
1031 1307 1206 1345 timorem
1242 1308 1382 1357 injecit.

109 1371 236 1408 Nemo
258 1371 370 1415 enim,
391 1371 454 1408 illo
477 1371 683 1414 interfecto,
704 1384 742 1407 se
765 1378 894 1408 tutum
912 1370 1087 1420 putabat.
1145 1371 1217 1409 Ille
1241 1379 1382 1416 autem,

109 1433 320 1472 adversario
339 1442 493 1479 remoto,
510 1435 685 1472 licentius
703 1449 834 1472 eorum
852 1436 961 1479 bona,
985 1450 1074 1485 quos
1094 1436 1235 1474 sciebat
1255 1435 1384 1475 adver-

107 1512 169 1535 sus
206 1513 244 1536 se
279 1499 444 1543 sensisse,
479 1498 662 1536 militibus
700 1498 923 1548 dispertivit.
989 1502 1023 1536 2.
1057 1499 1204 1546 Quibus
1243 1500 1381 1546 divisis,

107 1576 226 1611 quum
253 1561 460 1612 quotidiani
488 1562 647 1599 maximi
674 1562 807 1600 fierent
837 1570 994 1606 sumtus,
1026 1564 1196 1601 celeriter
1223 1566 1383 1614 pecunia

107 1627 231 1664 deesse
254 1626 377 1675 coepit,
402 1639 531 1675 neque,
554 1640 624 1674 quo
652 1640 790 1662 manus
817 1627 1031 1675 porrigeret,
1053 1629 1287 1677 suppetebat,
1311 1629 1381 1665 nisi

107 1691 147 1728 in
180 1691 388 1728 amicorum
421 1691 672 1740 possessiones.
731 1690 777 1727 Id
808 1691 1023 1739 hujusmodi
1057 1700 1148 1736 crat,
1179 1700 1234 1737 ut,
1265 1708 1380 1743 quum

107 1755 247 1792 milites
279 1754 560 1797 reconciliasset,
583 1755 776 1792 amitteret
797 1755 1008 1804 optimates.
1067 1759 1102 1793 3.
1134 1757 1309 1802 Quarum
1329 1773 1380 1796 re-

105 1833 193 1858 rum
221 1832 312 1856 cura
333 1818 580 1867 frangebatur
601 1826 639 1855 et
662 1819 830 1856 insuetus
858 1820 957 1856 male
982 1819 1157 1857 audiendi
1180 1835 1255 1858 11011
1277 1836 1380 1871 aequo

106 1883 232 1920 animo
254 1883 407 1926 ferebat,
432 1881 478 1920 de
508 1896 545 1919 se
569 1882 618 1919 ab
640 1883 684 1919 iis
706 1884 807 1920 male
830 1883 1050 1927 existimari,
1075 1899 1232 1934 quorum
1253 1888 1379 1936 paullo

107 1954 195 1985 ante
210 1948 250 1984 in
265 1948 400 1984 coelum
415 1947 538 1984 fuerat
554 1948 675 1984 elatus
689 1946 876 1985 laudibus.
917 1948 1065 1997 Vulgus
1085 1956 1225 1993 autem,
1240 1950 1379 1988 offensa

107 2011 146 2048 in
165 2025 254 2048 eum
273 2011 440 2048 militum
461 2011 669 2055 voluntate,
691 2011 842 2049 liberius
861 2012 1095 2061 loquebatur,
1116 2020 1154 2050 et
1172 2020 1378 2062 tyrannum

106 2088 180 2114 non
197 2074 394 2113 serendum
413 2074 624 2112 dictitabat.

530 2258 772 2295 CAPUT
810 2258 960 2295 VIII.

164 2337 196 2370 1.
221 2333 321 2370 HAEc
342 2333 404 2368 ille
424 2333 583 2376 intuens,
600 2346 728 2380 quum,
745 2331 1063 2380 quemadmodum
1084 2331 1241 2376 sedaret,
1263 2332 1375 2370 nesci—

107 2404 174 2440 ret,
188 2404 236 2439 et,
251 2410 425 2446 quorsum
442 2393 653 2438 evaderent,
668 2395 819 2432 timeret
835 2408 841 2432 z
869 2395 1091 2432 Callicrates
1106 2394 1269 2444 quidam,
1285 2396 1376 2434 civis

108 2460 358 2503 Atheniensis,
383 2459 447 2509 qui
470 2460 581 2497 simul
611 2473 698 2496 cum
726 2472 767 2496 co
796 2472 842 2496 ex
869 2458 1122 2509 Peloponneso
1143 2459 1183 2496 in
1207 2459 1374 2497 Siciliam

736 2523 764 2560 C
