1575 2771
177 228 232 264 40
601 239 798 265 conwnnn
829 237 1018 264 NEPo‘rls.
1321 220 1382 276 [3,
1401 226 1441 265 4.

178 326 276 364 bona
300 327 606 376 publicarentur;
637 315 848 375 reipublicae
876 325 1088 375 procuratio
1115 325 1250 376 populo
1277 323 1443 363 reddere-

177 397 250 427 tur.
309 393 344 427 2.
375 391 608 427 Praeclarum
640 390 709 426 hoc
742 403 885 438 quoque
915 387 1155 437 Thrasybuli,
1184 387 1290 439 quod,
1320 402 1443 426 recon-

177 454 305 491 ciliata
323 467 425 503 pace,
443 467 560 502 quum
579 453 786 502 plurimum
805 453 845 488 in
864 452 1018 489 civitate
1037 458 1170 501 posset,
1187 452 1309 500 legem
1328 453 1417 490 tulit
1434 465 1442 490 ε

179 532 223 555 ne
246 519 327 568 quis
351 525 437 555 ante
460 524 635 554 actarum
656 530 782 553 rerum
805 522 1056 559 accusaretur,
1075 529 1169 552 neve
1191 516 1441 561 multaretur;

177 596 334 631 eamque
366 581 422 618 illi
454 581 648 618 oblivionis
681 581 930 630 appellarunt.
988 582 1024 616 3.
1060 580 1196 628 Neque
1223 593 1311 617 vero
1343 580 1443 617 hanc

177 652 331 682 tantum
363 643 555 681 serendam
588 644 745 687 curavit,
780 642 844 680 sed
880 644 1008 686 etiam,
1042 650 1086 680 ut
1118 644 1271 686 valeret,
1306 643 1441 681 eflecit.

178 709 286 746 Nam
308 722 425 758 quum
448 706 602 757 quidam
624 722 671 745 ex
692 708 760 751 his,
783 708 845 756 qui
865 708 977 744 simul
996 720 1083 744 cum
1103 720 1144 744 eo
1164 707 1204 744 in
1221 707 1348 744 exsilio
1367 707 1443 745 fue·

178 779 275 815 rant,
297 770 437 808 caedem
463 771 586 808 facere
613 785 741 808 eorum
768 772 918 815 vellent,
940 784 1027 808 cum
1055 770 1189 820 quibus
1214 771 1254 808 in
1280 771 1443 820 gratiam

177 834 342 872 reditum
369 840 461 879 erat,
480 835 627 884 publice
658 833 850 884 prohibuit
878 841 916 871 et
943 833 991 878 id,
1013 833 1110 883 quod
1136 835 1322 884 pollicitus
1348 841 1441 879 erat,

178 898 362 948 praestitit.

634 1082 875 1120 CAPUT
913 1083 994 1120 IV.

239 1161 268 1194 l.
298 1158 401 1194 Hmc
430 1171 495 1206 pro
517 1157 635 1194 tantis
655 1157 798 1194 meritis
820 1158 968 1194 honoris
991 1171 1124 1195 corona
1146 1172 1169 1195 a
1190 1159 1325 1208 populo
1352 1158 1445 1198 data

179 1228 246 1265 est,
263 1221 366 1258 facta
380 1219 526 1258 duabus
540 1221 696 1269 virgulis
715 1221 903 1269 oleaginis,
921 1235 1036 1271 quam
1050 1221 1148 1271 quod
1167 1236 1272 1260 amor
1290 1223 1442 1268 civium,

179 1299 254 1322 non
272 1285 329 1322 vis
351 1291 590 1334 expresserat,
611 1285 758 1321 nullam
776 1285 910 1322 habuit
929 1285 1122 1330 invidiam,
1143 1300 1357 1336 magnaque
1375 1288 1446 1326 fuit

179 1349 306 1397 gloria.
365 1351 400 1385 2.
431 1349 535 1385 Bene
563 1362 648 1397 ergo
671 1349 846 1386 Pittacus
872 1349 945 1387 ille.
970 1349 1034 1398 qui
1062 1356 1206 1399 septem
1233 1351 1446 1401 sapientum

180 1425 335 1449 numero
364 1419 419 1448 est
440 1411 604 1455 habitus,
628 1425 745 1461 quum
767 1412 801 1448 ei
823 1412 1034 1462 Mytilenaei
1055 1414 1182 1451 multa
1203 1415 1324 1451 millia
1340 1415 1446 1463 juge-

180 1489 267 1512 rum
290 1475 370 1524 agri
397 1489 557 1512 munera
585 1474 728 1519 darent,
754 1475 896 1519 ZVoZz'te,
921 1489 984 1513 oro
1010 1488 1083 1520 vos,
1113 1477 1245 1526 iuquit,
1274 1478 1320 1515 id
1345 1479 1446 1515 mihi

181 1539 285 1583 dare,
321 1539 424 1588 quod
454 1539 572 1576 multi
603 1539 820 1583 invideant,
850 1539 982 1588 plures
1015 1540 1135 1577 etiam
1165 1541 1443 1590 concupiscant.

189 1603 322 1652 Quare
342 1616 386 1641 ez
407 1603 491 1640 istis
512 1603 598 1640 nolo
619 1603 802 1652 amplius,
822 1616 943 1652 quam
964 1610 1117 1640 centum
1124 1604 1285 1654 jugera,
1306 1617 1393 1654 quae
1411 1611 1445 1642 et

181 1679 307 1703 meam
333 1666 464 1703 animi
491 1667 716 1715 <equitatem
743 1673 778 1703 et
804 1673 970 1704 vestram
995 1667 1234 1704 voluntatem
1259 1668 1443 1706 indicent.

182 1731 289 1767 Nam
308 1744 427 1780 parva
444 1743 605 1766 munera
623 1728 781 1773 diutina,
798 1730 1000 1780 locupletia
1014 1744 1089 1767 non
1106 1731 1255 1781 propria
1269 1745 1346 1768 esse
1365 1745 1447 1769 con·

182 1801 395 1831 sueverunt.
453 1796 489 1830 3.
525 1794 600 1830 Illa
636 1793 750 1842 igitur
787 1807 922 1831 corona
958 1801 1153 1831 contentus
1186 1794 1446 1844 Thrasybulus

182 1871 300 1906 neque
324 1857 484 1906 amplius
506 1857 709 1905 requisivit,
733 1870 852 1905 neque
875 1870 1103 1906 quemquam
1126 1858 1262 1895 honore
1284 1871 1322 1895 se
1345 1865 1446 1896 ante-

183 1920 329 1956 cessisse
348 1919 590 1956 existimavit.
640 1922 676 1956 4.
698 1919 774 1956 Hic
794 1920 962 1969 sequenti
981 1927 1156 1970 tempore,
1177 1935 1296 1970 quum
1313 1928 1448 1971 praetor

183 1984 339 2020 classem
360 1981 408 2019 ad
424 1983 599 2027 Ciliciam
620 1983 833 2032 appulisset,
850 1996 970 2032 neque
988 1984 1080 2021 satis
1098 1982 1295 2033 diligenter
1313 1985 1353 2022 in
1371 1998 1446 2023 cas·

183 2047 249 2083 tris
269 2047 348 2095 ejus
368 2052 567 2094 agerentur
586 2046 734 2094 vigih‘ae,
757 2059 780 2083 a
797 2045 977 2090 barbaris,
995 2060 1041 2084 ex
1060 2046 1190 2097 oppido
1209 2054 1323 2086 noctu
1342 2061 1446 2099 erup-

184 2109 282 2146 tione
300 2109 412 2154 facta,
432 2109 472 2147 in
491 2110 732 2147 tabernaculo
751 2109 967 2148 interfectus
986 2117 1053 2148 est.
