1575 2771
335 419 528 476 XXI.
600 420 708 475 DE
769 420 1199 476 REGIBUS.

620 615 864 653 CAPUT
902 616 934 653 I.

203 693 236 726 1.
257 689 313 726 HI
326 689 401 727 fere
415 689 567 727 fuerunt
583 690 738 728 Graeciae
758 691 879 739 gentis
894 691 1015 734 duces,
1033 691 1096 740 qui
1114 691 1296 728 memoria
1311 690 1415 740 djgni

146 752 380 797 videbantur,
401 760 533 803 praeter
555 768 668 802 reges.
725 755 904 804 Namque
928 768 987 791 eos
1011 756 1196 804 attingere
1215 755 1413 799 noluimus,

145 817 244 865 quod
265 817 435 854 omnium
458 831 515 854 res
537 825 648 866 gestae
676 819 879 867 separatim
907 826 994 855 sunt
1021 820 1160 856 relatae.
1220 822 1254 855 2.
1279 820 1414 868 Neque

146 887 276 918 tamen
290 881 330 918 hi
346 879 550 918 adsnodum
569 888 656 918 sunt
671 882 794 918 multi.
842 883 1153 919 Laeedaemonius
1172 889 1301 919 autem
1317 884 1415 930 Age-

143 946 260 982 silaus
281 945 441 987 nomine,
462 958 537 981 non
559 951 752 993 potestate,
774 945 847 981 suit
869 958 944 988 rex,
966 945 1062 981 sicut
1085 945 1197 981 ceteri
1222 945 1412 993 Spartani.

146 1009 210 1045 Ex
231 1008 291 1045 his
309 1021 406 1051 vero,
427 1007 490 1056 qui
512 1006 748 1044 dominatum
770 1008 925 1057 imperio
948 1014 1160 1052 tenuerunt,
1185 1008 1415 1046 excellentis-

145 1072 230 1109 simi
252 1071 414 1114 fuerunt,
436 1077 479 1108 ut
501 1084 566 1107 nos
583 1071 808 1119 judicamus,
830 1071 1034 1108 Persarum
1059 1072 1181 1121 Cyrus
1203 1078 1241 1109 et
1263 1072 1413 1116 Darius,

147 1136 346 1185 Hystaspis
360 1135 480 1172 filius:
502 1149 660 1184 quorum
675 1143 829 1185 uterque
845 1137 1016 1185 privatus
1031 1137 1171 1173 virtute
1188 1150 1345 1185 regnum
1360 1144 1415 1174 est

146 1198 313 1249 adeptus.
370 1199 476 1236 Prior
498 1200 632 1236 horum
659 1198 760 1249 apud
783 1200 1020 1248 Massagetas
1042 1200 1081 1237 iu
1103 1200 1228 1249 proelio
1257 1201 1412 1243 cecidit;

146 1263 286 1300 Darius
308 1269 498 1300 senectute
521 1264 621 1300 diem
643 1263 733 1300 obiit
756 1277 983 1313 supremum.
1042 1266 1076 1300 3.
1100 1265 1194 1301 Tres
1217 1271 1303 1301 sunt
1326 1279 1415 1314 prae-

147 1335 248 1364 terea
267 1325 433 1376 ejusdem
451 1327 605 1375 generis,
627 1327 775 1364 Xerxes
793 1334 831 1364 et
850 1326 923 1364 duo
943 1329 1182 1371 Artaxerxes,
1200 1328 1416 1366 Macrochir

146 1397 184 1428 et
202 1391 398 1428 Mnemon.
446 1391 566 1427 Xerxi
585 1391 752 1427 maxime
771 1397 827 1428 est
845 1391 1000 1434 illustre,
1023 1392 1120 1440 quod
1138 1392 1315 1429 maximis
1334 1399 1415 1441 post

147 1454 343 1491 hominum
361 1454 583 1491 memoriam
602 1455 826 1492 exercitibus
848 1461 948 1491 terra
966 1455 1135 1503 marique
1154 1456 1298 1492 bellum
1316 1456 1415 1493 intu-

147 1518 191 1555 lit
207 1517 374 1554 Graeciae.
422 1521 458 1554 4.
480 1519 535 1554 At
551 1519 765 1555 Macrochir
783 1519 1012 1567 praecipuam
1032 1518 1147 1555 habet
1166 1518 1319 1556 laudem
1339 1534 1415 1556 am-

147 1581 320 1631 plissimae
348 1581 680 1630 pulcherrimaeque
713 1582 872 1630 emporis
899 1581 1036 1624 formae,
1067 1596 1183 1630 quam
1210 1583 1415 1620 incredibili

145 1645 295 1682 ornavit
318 1645 459 1681 virtute
481 1645 580 1681 belli.
637 1645 816 1693 Namque
838 1645 900 1681 illo
920 1645 1050 1681 Perses
1072 1659 1181 1682 nemo
1204 1646 1276 1682 fuit
1298 1660 1416 1683 manu

146 1708 294 1754 so1·tior;
326 1708 510 1745 Mnemon
533 1715 662 1745 autem
679 1708 837 1756 justitioe
857 1708 960 1745 fama
979 1708 1114 1745 floruit.
1172 1709 1279 1746 Nam
1298 1724 1416 1759 quum

146 1773 278 1810 matris
299 1785 374 1809 suae
397 1772 532 1808 scelere
552 1772 736 1808 amisisset
755 1785 920 1815 uxorem,
942 1778 1095 1808 tantum
1114 1773 1269 1809 indulsit
1288 1774 1412 1816 dolori,

145 1843 188 1873 ut
203 1849 290 1873 eum
304 1836 424 1885 pietas
438 1835 615 1872 vinceret.
664 1837 699 1871 5.
723 1835 786 1871 Ex
806 1835 864 1871 his
884 1835 956 1871 duo
971 1834 1100 1872 eodem
1119 1836 1269 1872 nomine
1288 1837 1414 1876 morbo

145 1907 288 1938 naturae
311 1899 480 1936 debiturn
503 1897 765 1944 reddiderunt3
795 1899 928 1935 tertius
955 1898 1003 1936 ab
1026 1899 1221 1936 Artabano
1243 1899 1415 1949 praefecto

144 1964 237 2002 ferro
256 1964 479 2001 interemtus
497 1969 564 2000 est.

604 2146 847 2183 CAPUT
886 2146 952 2183 II.

202 2224 235 2258 1.
260 2220 325 2258 Ex
342 2218 599 2257 Macedonum
623 2226 752 2256 autem
771 2234 904 2268 genere
923 2219 996 2256 duo
1015 2221 1135 2257 multo
1155 2227 1292 2257 eeteros
1312 2227 1409 2257 ante

146 2290 334 2324 cesserunt
352 2297 477 2322 rerum
496 2290 688 2331 gestarum
707 2284 845 2331 gloria:
875 2284 1083 2332 Philippus,
1105 2285 1283 2332 Amyntae
1303 2284 1411 2326 filius,

146 2356 185 2388 et
203 2348 419 2387 Alexander
441 2348 619 2395 Magnus.
676 2346 825 2382 Horum
848 2347 942 2382 alter
964 2345 1158 2395 Babylone
1181 2347 1307 2383 morbo
1331 2360 1413 2384 con-

146 2420 294 2452 sumtus
315 2418 393 2456 est3
424 2411 620 2460 Philippus
645 2410 755 2458 *fligis
784 2423 806 2446 a
829 2410 1030 2453 Pausania,
1056 2423 1171 2459 quum
1200 2417 1412 2459 spectatum
