1575 2771
199 230 252 269 48
624 241 821 270 CORNELII
853 242 1042 269 NEPo'rrs.
1344 234 1405 282 [5,
1427 233 1467 270 6.

666 446 910 484 CAPUT
947 445 995 483 V.

250 527 282 560 1.
308 523 519 566 POSTQUAM
540 522 768 559 Corinthum
787 521 958 572 pervenit
978 521 1080 558 Dion
1098 527 1136 558 et
1155 520 1285 559 eodem
1303 522 1466 571 perfugit

192 586 424 630 Heraclides,
443 586 491 623 ab
510 585 641 624 eodem
657 587 832 635 expulsus
849 586 1038 635 Dionysi0‚
1055 586 1119 635 qui
1133 585 1328 635 praesectus
1343 586 1466 624 fuerat

191 651 362 699 equitum
378 664 384 688 :
410 651 511 687 omni
527 651 671 687 ratione
686 651 830 687 bellum
846 663 1065 699 comparare
1081 656 1282 699 coeperunt.
1331 653 1367 686 2.
1391 649 1466 687 Sed

190 728 264 751 non
283 716 449 751 multum
469 715 724 764 proficiebant,
745 713 844 763 quod
862 715 1073 751 multorum
1093 727 1277 750 annorum
1296 714 1466 763 tyrannis

189 791 418 825 magnarum
444 791 556 826 opum
585 777 805 826 putabatur.
864 778 992 823 Quam
1020 779 1066 814 ob
1094 791 1250 815 causam
1277 778 1388 827 pauci
1416 777 1465 815 ad

187 841 406 877 societatem
425 841 582 890 periculi
601 839 913 890 perducebantur.
966 843 1002 877 3.
1027 840 1101 878 Sed
1121 841 1231 884 Dion,
1253 841 1370 878 fretus
1389 855 1464 878 non

188 910 269 941 tam
297 904 371 941 suis
399 905 522 953 copiis,
545 918 662 953 quam
689 902 770 941 odio
794 903 955 953 tyranni,
977 904 1145 941 maximo
1169 904 1293 941 animo
1317 904 1464 942 duabus

186 969 362 1005 onerariis
377 967 538 1005 navibus
553 968 826 1017 quinquaginta
842 981 1027 1004 annorum
1042 968 1255 1017 imperium,
1271 968 1464 1006 munitum

185 1032 398 1081 quingentis
421 1032 541 1080 longis
563 1031 734 1075 navibus,
756 1030 886 1068 decem
909 1031 1091 1080 equitum,
1113 1038 1267 1068 centum
1289 1030 1461 1081 peditum

184 1096 363 1141 millibus,
384 1096 569 1146 profectus
592 1102 853 1145 oppugnatum
873 1094 987 1146 (quod
1010 1095 1183 1132 omnibus
1202 1095 1376 1144 gentibus
1400 1094 1461 1132 ad-

185 1160 358 1197 mirabile
386 1167 442 1197 est
465 1159 617 1210 visum),
644 1161 735 1197 adeo
763 1159 871 1196 facile
899 1159 1070 1208 perculit,
1091 1166 1135 1196 ut
1162 1166 1243 1208 post
1267 1158 1368 1196 diem
1390 1166 1460 1196 ter—

185 1224 293 1268 tium,
324 1238 439 1273 quam
474 1224 644 1261 Sic-iliam
679 1224 868 1271 attigerat,
907 1223 1112 1272 Syracusas
1145 1223 1340 1260 introierit.
1398 1224 1463 1261 Ex

183 1303 254 1338 quo
274 1288 434 1337 intelligi
453 1295 585 1337 potest,
607 1289 758 1324 nullum
780 1301 857 1324 esse
880 1287 1081 1336 imperium
1101 1294 1241 1331 tutum,
1262 1287 1334 1324 nisi
1351 1287 1460 1325 bene-

188 1353 351 1389 volentia
373 1352 578 1389 munitum.
636 1355 672 1388 4.
704 1352 762 1388 Eo
785 1358 952 1401 tempore
982 1351 1113 1388 aberat
1137 1351 1340 1402 Dionysius
1362 1358 1400 1389 ct
1421 1352 1461 1389 in

189 1416 300 1453 [talia
327 1417 486 1453 classem
514 1416 785 1465 opperiebatur,
812 1414 1112 1452 adversariorum
1134 1422 1242 1452 ratus
1269 1415 1460 1453 neminem

184 1480 262 1517 sine
285 1480 434 1528 magnis
458 1480 570 1529 copiis
594 1478 642 1516 ad
665 1493 702 1516 se
725 1485 943 1516 venturum.
1001 1479 1095 1524 Quae
1123 1493 1181 1516 res
1203 1493 1291 1516 eum
1315 1480 1456 1516 fefellit.
1480 1471 1494 1482 ⁸

183 1548 219 1583 5.
250 1547 358 1583 Nam
379 1546 480 1583 Dion
502 1546 547 1583 iis
569 1546 666 1595 ipsis,
689 1545 751 1594 qui
775 1546 842 1582 sub
866 1543 1069 1582 adversarii
1089 1545 1238 1582 fuerant
1260 1552 1456 1595 potestate,

183 1610 301 1659 regios
323 1610 474 1659 spiritus
497 1610 680 1659 repressit,
706 1609 893 1658 totiusque
916 1610 995 1658 ejus
1017 1609 1134 1658 partis
1159 1610 1294 1646 Sicihae
1318 1610 1459 1659 potitus

182 1681 249 1717 cst,
272 1688 354 1723 quae
378 1674 446 1711 sub
469 1673 640 1723 Dionysii
663 1679 848 1722 potestate
871 1673 1018 1718 fuerat;
1048 1673 1204 1722 parique
1226 1674 1334 1710 modo
1357 1673 1459 1711 urbis

184 1738 468 1788 Syracusarum,
489 1743 625 1787 praeter
649 1750 774 1773 arcem
800 1743 838 1774 et
863 1737 1028 1774 insulam
1055 1735 1278 1785 adjunctam
1300 1737 1456 1786 oppido;

183 1804 218 1838 6.
249 1802 380 1851 quue
400 1815 481 1838 rem
499 1799 687 1850 perduxit,
704 1807 748 1837 ut
768 1799 908 1837 talibus
927 1800 1162 1850 pactionibus
1179 1814 1314 1849 pacem
1333 1806 1457 1850 tyran—

181 1879 252 1902 nus
284 1865 406 1902 facere
439 1865 577 1902 vellet:
615 1862 786 1901 Siciliam
819 1864 921 1900 Dion
953 1863 1147 1908 obtineret,
1178 1864 1336 1901 Italiam
1370 1864 1458 1901 Dio-

181 1929 318 1978 nysius,
342 1929 545 1978 Syracusas
564 1928 833 1977 Apollocrates,
855 1927 915 1965 cui
937 1927 1148 1965 maximam
1170 1926 1285 1964 fidem
1308 1927 1372 1964 iuri
1392 1928 1459 1965 ha-

182 1992 307 2031 bebat.

640 2175 882 2214 CAPUT
920 2176 1002 2214 VI.

240 2255 271 2288 1.
303 2251 388 2287 HAS
419 2257 500 2288 tam
528 2264 721 2300 prosperas
749 2257 904 2300 tamque
932 2250 1144 2301 inopinatas
1171 2264 1229 2288 res
1256 2258 1456 2289 consecuta

182 2321 238 2352 est
266 2314 392 2352 subita
419 2314 676 2358 commutatio,
701 2315 800 2364 quod
827 2314 976 2352 fortuna
1003 2328 1072 2352 sua
1099 2314 1322 2360 mobilitate,
1342 2329 1455 2364 quem

182 2379 308 2429 paullo
329 2385 416 2416 ante
435 2380 635 2423 extulerat,
655 2379 869 2428 demergere
889 2386 944 2417 est
964 2380 1106 2417 adorta.
1165 2382 1200 2417 2.
1222 2379 1396 2418 Primum
1414 2380 1454 2416 in

183 2442 269 2485 filio,
286 2441 331 2479 de
351 2457 421 2492 quo
441 2443 732 2480 commemoravi
753 2457 875 2493 supra,
893 2457 1002 2482 suam
1021 2444 1101 2481 vim
1120 2444 1298 2481 exercuit.
1347 2443 1450 2480 Nam

183 2519 300 2555 quum
331 2521 484 2544 uxorem
508 2506 722 2551 reduxisset,
749 2522 829 2557 quae
854 2509 916 2545 alii
940 2508 1061 2545 suerat
1084 2506 1234 2551 tradita,
1259 2507 1452 2556 filiumque
