1575 2771
167 215 222 254 30
590 228 785 254 commu
816 228 1004 255 NEPOTIS.
1310 211 1370 268 [3,
1389 218 1428 254 4.

606 431 848 469 CAPUT
887 431 987 468 III.

221 510 251 543 1.
282 507 418 544 BELLo
448 506 712 556 Peloponnesio
741 506 855 554 hujus
883 505 1032 543 consilio
1061 512 1174 555 atque
1203 506 1429 544 auctoritate

162 570 410 607 Athenienses
428 570 572 607 bellum
589 570 833 619 Syracusanis
852 568 1088 607 indixerunt:
1120 568 1167 607 ad
1186 568 1284 618 quod
1302 584 1428 618 geren-

161 631 253 670 dum
281 634 356 683 ipse
380 633 457 671 dux
480 632 643 670 delectus
665 640 745 678 est;
775 631 847 670 duo
869 640 1051 682 praetcrea
1073 634 1221 681 collegae
1244 632 1335 678 dati,
1359 634 1428 671 Ni—

162 697 237 733 cias
265 704 302 734 et
325 698 557 734 Lamachus.
616 699 650 733 2.
682 695 729 733 Id
756 710 874 745 quum
902 703 1158 746 appararetur,
1182 697 1285 746 prius
1312 711 1428 746 quam

160 760 286 796 classis
314 761 442 803 exiret,
473 759 619 803 accidit,
649 766 693 796 ut
720 773 798 796 una
824 766 932 797 nocte
960 774 1087 797 omnes
1109 761 1274 804 Hermae,
1298 761 1361 810 qui
1387 761 1427 798 in

159 822 292 872 oppido
320 829 429 860 erant
458 823 630 865 Athenis,
652 821 911 870 dejicerentur,
932 830 1067 872 praeter
1094 837 1224 867 unum,
1245 824 1309 873 qui
1338 831 1426 861 ante

161 888 324 935 januam
347 893 427 924 erat
450 885 664 923 Andocidis.
722 886 859 935 Itaque
881 886 943 922 ille
965 893 1094 935 postea
1117 887 1330 924 Mercurius
1349 889 1426 924 An-

160 947 297 985 docidis
337 949 524 985 vocitatus
557 955 623 985 est.
681 950 717 984 3.
747 949 832 985 Hoc
862 962 981 997 quum
1015 954 1211 997 appareret
1242 962 1318 985 non
1349 949 1427 986 sino

159 1026 300 1060 magna
318 1013 526 1048 multorum
551 1012 783 1048 consensione
807 1025 883 1047 esse
903 1011 1057 1055 factum,
1079 1010 1177 1060 quod
1195 1025 1270 1048 non
1289 1011 1337 1048 ad
1355 1012 1426 1061 pri-

159 1083 302 1119 vatam,
320 1074 382 1112 sed
402 1074 450 1112 ad
468 1074 661 1124 publicam
681 1088 761 1111 rem
780 1074 993 1123 pertineret,
1010 1088 1172 1123 magnus
1191 1074 1426 1112 multitudini

159 1139 270 1176 timor
289 1146 345 1176 est
365 1139 535 1187 injectus,
552 1152 598 1175 ne
615 1152 689 1187 qua
703 1138 899 1187 repentina
913 1138 969 1174 vis
988 1138 1027 1174 in
1046 1138 1200 1175 civitate
1220 1138 1424 1183 exsisteret,

159 1216 239 1251 quae
259 1202 475 1239 libertatem
498 1202 722 1251 opprimeret
741 1201 879 1250 populi.
936 1204 972 1237 4.
1002 1202 1086 1238 Hoc
1108 1201 1274 1238 maxime
1297 1215 1426 1239 conve-

158 1265 236 1302 nire
263 1265 303 1302 in
331 1264 570 1302 Alcibiadem
592 1263 802 1308 videbatur,
827 1263 924 1313 quod
952 1271 989 1301 et
1016 1265 1201 1314 potentior
1228 1271 1267 1302 et
1294 1266 1424 1314 major,

158 1343 273 1377 quam
305 1329 485 1378 privatus,
521 1329 820 1366 existimabatur.
878 1329 1025 1366 BIultos
1062 1329 1162 1365 enim
1199 1330 1426 1367 liberalitate

158 1391 389 1436 devinxerat,
429 1393 554 1441 plures
595 1392 712 1429 etiam
752 1405 864 1441 opera
904 1392 1037 1429 forensi
1077 1406 1161 1429 suos
1200 1391 1422 1430 reddiderat.

159 1458 194 1492 5.
225 1456 353 1500 Quare
376 1455 502 1499 fiebat,
527 1462 572 1493 ut
596 1455 765 1492 omnium
787 1456 921 1498 oculos,
946 1455 1250 1505 quotiescumque
1272 1457 1313 1493 in
1333 1456 1424 1506 pub-

157 1520 272 1557 licum
292 1519 481 1569 prodisset,
504 1519 551 1557 ad
571 1534 608 1557 sc
629 1525 872 1562 converteret,
889 1533 1009 1568 neque
1028 1519 1064 1556 ei
1082 1532 1153 1568 par
1168 1520 1367 1569 quisquam
1386 1521 1425 1558 in

157 1584 311 1620 civitate
329 1590 539 1633 poneretur.
597 1584 734 1632 Itaque
756 1597 831 1619 non
850 1583 971 1619 solum
990 1596 1094 1632 spem
1113 1583 1152 1619 in
1171 1597 1212 1620 eo
1231 1583 1424 1621 habebant

156 1647 377 1690 maximam,
399 1646 459 1684 sed
484 1648 602 1684 etiam
624 1647 808 1689 timorem,
830 1645 928 1695 quod
950 1652 988 1683 et
1010 1645 1134 1683 obesse
1157 1646 1364 1695 plurimum
1386 1653 1424 1684 et

155 1709 323 1759 prodesse
342 1717 500 1760 poterat.
559 1713 594 1747 6.
620 1709 927 1759 Adspergebatur
946 1710 1064 1747 etiam
1082 1710 1249 1753 infamia,
1270 1709 1367 1759 quod
1385 1710 1424 1747 in

155 1773 263 1810 domo
286 1788 355 1811 sua
377 1774 498 1811 facere
520 1774 700 1824 mysteria
723 1773 940 1811 dicebatur:
970 1772 1068 1823 quod
1090 1773 1195 1810 nefas
1217 1780 1299 1810 erat
1321 1787 1423 1811 more

156 1838 469 1882 Atheniensium,
500 1836 609 1886 idque
631 1851 705 1874 non
729 1836 777 1874 ad
798 1837 1025 1885 religionem,
1048 1835 1111 1874 sed
1135 1835 1183 1874 ad
1202 1837 1422 1886 conjuratio·

154 1914 241 1938 nem
260 1901 443 1950 pertinere
463 1900 762 1938 existimabatur.

615 2084 846 2123 CAPUT
885 2084 966 2122 IV.

208 2164 240 2198 1.
271 2161 359 2198 Hoc
389 2159 544 2197 crimine
571 2159 611 2196 in
638 2159 812 2196 concione
841 2157 890 2196 ab
917 2158 1077 2196 inimicis
1110 2158 1418 2208 compellabatur.

153 2223 227 2261 Sed
254 2223 424 2261 instabat
451 2230 600 2273 tempus
633 2221 682 2260 ad
707 2222 851 2260 bellum
880 2220 1145 2272 proficiscendi.
1203 2221 1250 2259 Id
1277 2222 1339 2259 ille
1366 2222 1420 2260 in-

149 2294 269 2331 tuens,
290 2301 409 2336 neque
428 2287 602 2336 ignorans
622 2286 762 2324 civium
782 2299 934 2323 suorum
953 2284 1272 2330 consuetudinem,
1294 2293 1416 2336 postu-

148 2350 266 2395 labat,
292 2351 321 2388 si
344 2350 433 2400 quid
455 2350 500 2388 de
523 2365 561 2388 se
590 2351 650 2399 agi
672 2351 825 2394 vellent,
850 2349 973 2400 potius
995 2348 1041 2386 de
1062 2355 1243 2399 praesente
1266 2349 1417 2398 quaestio

148 2415 361 2459 haberetur,
379 2428 495 2464 quam
511 2414 643 2452 absens
657 2413 806 2451 invidjae
823 2413 978 2451 crimine
993 2419 1243 2451 accusaretur.
1288 2415 1323 2449 2.
1341 2413 1416 2450 Ini-

151 2480 237 2517 mici
264 2494 353 2517 vero
386 2481 466 2529 ejus
499 2477 765 2529 quiescendum
795 2478 835 2515 in
861 2477 1046 2528 praesenti,
1075 2476 1165 2526 quia
1192 2476 1315 2513 noceri
1341 2489 1414 2513 non
