1575 2771
145 211 232 267 11.]
601 223 674 250 v11.
706 221 967 249 ALcnnAnns.
1345 216 1398 254 37

141 317 260 351 nitate
279 328 468 364 superasse
487 315 574 351 vitae
590 326 598 358 3
655 316 690 350 3.
720 314 927 362 Postquam
949 312 1034 350 inde
1053 318 1227 362 expulsus
1246 312 1398 351 Thebas

146 377 295 420 venerit,
321 376 411 414 adeo
435 376 565 414 studiis
587 391 716 414 eorum
737 377 940 420 inservisse,
964 383 1008 412 ut
1030 390 1138 413 nemo
1165 389 1252 412 eum
1273 376 1398 414 labore

140 441 368 489 corporisque
396 440 536 477 viribus
563 446 683 489 posset
712 440 939 488 aequiparare
966 438 1109 489 (omnes
1136 439 1236 475 enim
1264 440 1398 485 Boeotii

140 504 261 551 magis
283 504 456 540 firmitati
478 504 644 552 corporis,
666 516 779 552 quam
803 503 942 550 ingenii
965 502 1130 539 acumini
1148 497 1371 553 inserviunt)
1387 516 1396 549 3

140 570 176 603 4.
207 566 399 604 Eumdem
422 565 521 616 apud
543 565 856 609 Lacedaemonios‚
881 579 1038 614 quorum
1064 566 1227 602 moribus
1250 580 1398 603 summa

139 630 257 667 virtus
278 630 318 666 in
338 629 522 679 patientia
540 628 758 678 ponebatur,
780 629 830 665 sic
853 627 998 665 duritiae
1022 643 1058 666 se
1081 627 1232 673 dedisse,
1252 635 1296 666 ut
1314 643 1396 679 par-

139 693 295 730 simonia
313 693 435 730 victus
458 699 569 741 atque
592 693 714 729 cultus
736 706 863 729 onmes
882 691 1187 729 Lacedaemonios
1206 692 1372 730 vinceret
1387 706 1395 738 ;

140 758 174 792 5.
199 756 351 793 Venisse
380 754 428 793 ad
452 757 594 799 Persas,
617 754 717 805 apud
740 769 829 804 quos
852 769 1002 792 summa
1026 756 1109 792 laus
1134 762 1229 793 esset
1254 756 1397 793 sortiter

139 819 278 864 venari,
302 819 488 856 luxuriose
514 819 663 856 vivere:
698 820 832 856 horum
861 819 912 856 sio
941 819 1137 856 imitatum
1165 818 1397 857 consuetudi-

139 895 235 926 nem,
256 889 300 920 ut
319 883 374 919 illi
392 883 461 932 ipsi
481 883 621 919 eumin
640 883 698 919 his
716 883 882 919 maxime
903 881 1188 920 admirarentur.
1246 885 1280 919 6.
1307 883 1396 929 Qui-

142 945 207 982 bus
229 947 338 983 rebus
359 946 530 989 effecisse,
550 953 605 989 ut,
628 945 727 994 apud
749 960 1000 994 quoscumque
1023 952 1128 990 esset,
1146 946 1316 995 princeps
1337 960 1393 995 po-

139 1016 288 1047 neretur
309 1009 580 1058 habereturque
596 1009 815 1046 carissimus.
866 1008 940 1047 Sed
955 1009 1045 1046 satis
1060 1007 1105 1046 de
1118 1009 1188 1046 hoo
1203 1022 1212 1055 ;
1236 1009 1392 1059 reliquos

139 1071 339 1111 ordiamur.
