1575 2771
169 228 221 264 78
583 239 780 266 connnnn
811 238 1000 265 NEPOTIS.
1249 223 1308 277 [3,
1324 229 1363 272 4,
1384 231 1422 265 5.

166 338 252 364 smu.
270 327 467 365 interfecti.
515 326 662 372 Quibus
680 326 788 363 rebus
803 326 988 369 consectis,
1002 326 1116 374 vulgo
1136 325 1184 363 ad
1199 339 1305 364 arma
1319 327 1424 364 liber-

165 397 357 439 tatemque
384 396 526 433 vocato,
554 403 628 426 non
655 389 774 425 solum
801 389 864 437 qui
891 389 931 425 in
958 387 1050 426 urbe
1077 395 1193 432 erant,
1217 387 1281 426 sed
1308 390 1424 426 etiam

168 451 327 502 undique
346 467 392 490 ex
411 453 508 501 agn's
527 458 801 495 concurrerunt,
822 450 1035 501 praesidium
1053 451 1424 489 Lacedaemoniorum

164 529 211 553 ex
231 530 314 553 arce
333 517 566 565 pepulerunt,
583 516 747 565 patriam
766 514 951 552 obsidione
970 515 1234 558 liberaverunt,
1256 522 1424 553 auctores

166 578 342 615 Cadmeae
369 579 591 628 occupandae
612 579 754 628 partim
775 577 1000 622 occiderunt,
1023 578 1164 628 partim
1185 578 1225 615 in
1252 579 1424 615 exsilium

163 642 361 690 ejecerunt.

616 822 857 860 CAPUT
895 823 975 860 IV.

222 901 254 934 1.
276 897 364 934 Hoc
380 903 462 934 tam
477 895 626 934 turbido
642 903 818 946 tempore,
833 897 928 933 sicut
943 909 1054 945 supra
1068 896 1271 939 docuimus,
1285 896 1426 945 Epam-

164 959 330 1003 inondas,
360 961 482 1009 quoad
514 973 602 997 cum
631 960 775 996 civibus
807 960 1030 996 dimicatum
1059 965 1125 1002 est,
1155 959 1254 996 domi
1282 959 1426 1008 quietus

165 1023 246 1060 fuit.
314 1024 450 1072 Itaque
486 1024 565 1059 haec
600 1023 880 1059 liberandarum
911 1023 1131 1059 Thebarum
1163 1022 1309 1071 propria
1344 1022 1427 1058 laus

165 1093 221 1123 est
253 1087 462 1135 Pelopidae:
507 1092 636 1122 ceterae
669 1085 744 1122 fere
778 1099 992 1122 communes
1028 1099 1116 1122 cum
1148 1083 1424 1134 Epaminonda.

167 1152 201 1185 2.
232 1150 410 1198 Namque
433 1149 635 1186 Leuctrica
656 1162 794 1197 pugna,
820 1149 1041 1197 imperatore
1065 1147 1339 1197 Epaminonda,
1365 1148 1428 1185 hic

165 1212 238 1248 fuit
267 1213 346 1249 dux
375 1211 526 1249 delectae
551 1225 696 1255 manus,
721 1225 802 1261 quae
827 1212 949 1260 prima
974 1212 1202 1260 phalangem
1228 1212 1429 1260 prostravit

166 1274 375 1312 Laconum.
434 1278 469 1312 3.
501 1274 686 1312 Omnibus
722 1278 901 1324 praeterea
935 1275 1108 1324 periculis
1142 1275 1261 1311 affuit.
1321 1275 1429 1312 Sicut

168 1340 349 1388 Spartam
372 1353 489 1388 quum
514 1339 757 1388 oppugnavit,
783 1339 944 1375 alterum
969 1339 1091 1375 tenuit
1117 1351 1254 1375 cornu:
1285 1351 1428 1388 quoque

167 1402 343 1440 Messena
366 1402 518 1439 celerius
540 1402 806 1445 restitueretur,
827 1402 974 1450 legatus
995 1402 1035 1438 in
1057 1402 1190 1438 Persas
1212 1408 1267 1438 est
1292 1401 1428 1451 profec-

165 1471 236 1501 tus.
293 1465 466 1514 Denique
495 1466 575 1502 haec
603 1465 676 1502 fuit
707 1466 826 1501 altera
850 1478 1006 1513 persona
1031 1464 1183 1509 Thebis,
1211 1465 1274 1502 sed
1298 1471 1428 1502 tamen

165 1526 329 1565 secunda
347 1529 412 1572 ita,
433 1535 478 1565 ut
497 1529 667 1577 proxima
686 1534 780 1564 esset
799 1526 1082 1577 Epaminondae.

630 1709 869 1746 CAPUT
917 1709 965 1745 V.

221 1786 254 1820 1.
286 1782 581 1820 CONFLICTATUS
601 1789 730 1819 autem
749 1788 804 1819 est
824 1796 912 1819 cum
932 1781 1087 1820 adversa
1105 1782 1264 1820 fortuna.
1320 1783 1426 1821 Nam

164 1852 202 1883 et
217 1846 334 1889 initio,
349 1847 443 1883 sicut
459 1846 698 1889 ostendimus,
713 1846 818 1882 exsul
832 1846 958 1894 patria
972 1846 1103 1889 caruit,
1119 1852 1165 1889 et,
1180 1860 1296 1894 quum
1309 1847 1426 1884 Thes-

164 1907 299 1943 saliam
317 1907 356 1943 in
376 1913 602 1955 potestatem
622 1905 891 1942 Thebanorum
913 1913 1063 1955 cuperet
1084 1905 1259 1954 redigere,
1276 1907 1425 1954 legatio·

164 1969 293 2018 nisque
316 1970 401 2017 jure
424 1969 513 2006 satis
540 1975 684 2006 tectum
707 1982 744 2005 se
773 1967 1027 2013 arbitraretur,
1051 1968 1149 2018 quod
1177 1970 1277 2019 apud
1299 1983 1426 2008 omnes

163 2040 292 2081 gentes
319 2039 493 2069 sanctum
521 2046 597 2069 esse
625 2039 842 2076 consuesset,
869 2046 892 2069 a
913 2039 1071 2082 tyranno
1095 2033 1308 2070 Alexandro
1330 2034 1425 2070 Phe-

163 2109 235 2133 raeo
258 2097 371 2133 simul
392 2109 477 2134 cum
503 2096 668 2132 Ismenia
695 2097 981 2145 comprehensus
1003 2096 1043 2132 in
1063 2096 1217 2132 vincula
1238 2097 1426 2145 conjectus

164 2166 231 2196 est.
290 2162 324 2195 2.
355 2159 470 2196 Hunc
499 2158 782 2208 Epaminondas
808 2159 1054 2208 recuperavit,
1083 2160 1179 2196 bello
1206 2173 1426 2209 persequens

165 2220 436 2259 Alexandrum.
495 2223 584 2259 Post
611 2221 649 2258 id
671 2222 816 2258 factum
843 2235 1052 2270 numquam
1079 2223 1109 2259 is
1138 2223 1262 2259 animo
1285 2223 1426 2272 placari

165 2285 288 2334 potuit
307 2286 344 2322 in
365 2299 462 2328 eum,
481 2299 504 2322 a
519 2299 589 2334 quo
604 2291 684 2322 erat
699 2285 870 2322 violatus.
928 2285 1064 2335 Itaque
1078 2286 1262 2335 persuasit
1277 2287 1426 2324 Theba-

165 2348 232 2391 nis,
254 2355 297 2385 ut
321 2348 481 2385 subsidio
502 2349 706 2385 Thessaliae
729 2348 1056 2397 proficiscerentur,
1078 2356 1326 2399 tyrannosque
1348 2350 1426 2398 ejus

165 2412 402 2460 expellerent.
461 2414 495 2449 3.
523 2412 642 2460 Cujus
656 2411 745 2448 belli
760 2425 876 2461 quum
888 2412 922 2449 ei
938 2426 1087 2449 summa
1102 2419 1196 2450 esset
1208 2413 1298 2450 data
1313 2425 1426 2460 eoque

166 2464 253 2512 cum
279 2475 444 2512 exercitu
471 2475 657 2525 profectus
683 2481 788 2519 esset,
812 2488 887 2512 non
913 2473 1115 2519 dubitavit,
1139 2475 1252 2512 simul
1273 2487 1317 2512 ac
1344 2486 1426 2511 oon·
