1575 2771
129 200 183 236 98
549 207 745 235 commmx
775 207 964 234 NEPOTIS.
1329 189 1381 238 [4.

580 410 821 448 CAPUT
859 410 939 447 IV.

183 491 216 524 1.
237 487 326 524 Huc
347 486 411 524 ubi
430 491 653 535 perventum
672 491 739 528 est,
761 498 879 534 quum
897 490 1046 535 propter
1064 490 1216 521 aetatem
1233 482 1388 533 pedibus

128 550 213 599 jam
244 564 320 587 non
346 551 490 587 valeret
516 549 760 598 vehiculoque
786 555 1008 598 portaretur,
1037 548 1166 596 magni
1195 561 1391 585 concursus

127 620 213 651 sunt
231 613 333 657 facti,
350 627 467 662 quum
487 612 561 655 alii,
580 612 858 649 reminiscentes
873 612 1010 649 veteris
1028 611 1148 654 samae,
1166 611 1286 648 aetatis
1305 611 1390 647 mis-

126 683 337 721 ererentur3
366 675 518 725 plurimi
536 689 622 712 vero
644 675 701 712 ira
723 682 992 712 exacuerentur
1011 681 1159 724 propter
1176 673 1391 724 proditionis

125 740 371 789 suspicionem
393 739 537 783 Piraeei,
557 739 805 787 maximeque,
827 738 924 787 quod
947 737 1123 776 adversus
1144 738 1272 788 populi
1294 751 1389 775 com-

125 801 237 839 moda
256 803 296 839 in
315 808 504 840 senectute
527 793 692 839 steterat.
749 804 784 838 2.
810 801 898 847 Qua
917 800 962 839 de
979 815 1019 839 re
1037 815 1084 839 ne
1102 800 1296 851 perorandi
1315 801 1390 850 qui-

125 864 212 902 dem
234 866 268 903 ei
290 866 382 903 data
404 872 460 903 est
482 866 642 903 facultas
671 872 709 902 et
731 863 878 902 dicendi
905 878 1070 902 causam.
1126 863 1221 902 Inde
1237 864 1390 913 judicio,

125 929 303 977 legitimis
324 928 547 978 quibusdam
570 929 755 972 consectis,
780 927 981 965 damnatus
1008 928 1171 965 traditus
1198 934 1254 965 est
1278 925 1392 964 unde-

125 992 201 1029 cim
219 992 318 1035 viris,
339 992 472 1041 quibus
495 990 542 1029 ad
565 992 789 1041 supplicium
811 1005 911 1029 more
933 992 1224 1029 Atheniensium
1241 991 1392 1041 publice

125 1055 297 1091 damnati
320 1053 419 1091 tradi
442 1055 571 1091 solent.
628 1057 663 1091 3.
693 1055 770 1091 Hic
793 1068 909 1103 quum
932 1053 980 1091 ad
1001 1061 1161 1091 mortem
1181 1055 1388 1098 duceretur,

125 1116 256 1154 obvius
279 1117 312 1154 ei
334 1117 405 1154 fuit
430 1117 684 1168 Euphyletus,
708 1131 778 1166 quo
798 1117 1032 1154 familiariter
1049 1117 1172 1155 fuerat
1194 1131 1293 1154 usus.
1351 1117 1390 1154 Is

126 1194 242 1229 quum
260 1180 462 1218 lacrimans
481 1179 634 1218 dixisset
649 1193 656 1217 :
682 1180 718 1217 O
731 1192 852 1229 quam
869 1180 1042 1228 indigna
1054 1180 1272 1229 perpeteris,
1288 1180 1390 1217 Pho-

125 1244 240 1282 cion!
269 1244 357 1282 huic
379 1245 452 1288 ille,
474 1245 531 1282 Ac
551 1257 631 1282 non
651 1244 871 1293 inopinata,
891 1243 1036 1293 inquit;
1064 1243 1168 1280 hunc
1189 1243 1294 1280 enim
1315 1243 1389 1280 exi-

126 1314 213 1344 tum
225 1307 403 1356 plerique
420 1307 517 1345 clari
539 1308 619 1345 viri
637 1307 855 1344 habuerunt
874 1306 1130 1344 Athenienses.
1187 1310 1223 1343 4.
1248 1306 1297 1343 In
1318 1307 1388 1343 hoc

126 1376 279 1408 tantum
293 1370 364 1408 fuit
383 1371 510 1408 odium
527 1369 792 1416 multitudinis,
811 1377 852 1410 ut
869 1384 979 1409 nemo
999 1384 1110 1409 ausus
1128 1370 1176 1409 sit
1195 1383 1282 1408 eum
1296 1369 1388 1408 liber

126 1433 289 1484 sepelire.
345 1434 482 1484 Itaque
503 1448 526 1472 a
544 1435 658 1472 servis
677 1435 845 1485 sepultus
864 1444 930 1473 est.
