<?xml version="1.0" encoding="UTF-8"?>
<!DOCTYPE html PUBLIC "-//W3C//DTD XHTML 1.0 Transitional//EN"
    "http://www.w3.org/TR/xhtml1/DTD/xhtml1-transitional.dtd">
<html xmlns="http://www.w3.org/1999/xhtml" xml:lang="en" lang="en">
 <head>
  <title>
</title>
<meta http-equiv="Content-Type" content="text/html;charset=utf-8" />
  <meta name='ocr-system' content='tesseract 3.04.00' />
  <meta name='ocr-capabilities' content='ocr_page ocr_carea ocr_par ocr_line ocrx_word'/>
</head>
<body>
  <div class='ocr_page' id='page_1' title='image "./corneliusnepo00nepouoft_0098.png"; bbox 0 0 1575 2771; ppageno 0'>
   <div class='ocr_carea' id='block_1_1' title="bbox 155 230 1415 285">
    <p class='ocr_par' dir='ltr' id='par_1_1' title="bbox 155 230 1415 285">
     <span class='ocr_line' id='line_1_1' title="bbox 155 230 1415 285; baseline -0.001 -12"><span class='ocrx_word' id='word_1_1' title='bbox 155 237 209 274; x_wconf 80' lang='lat'>82</span> <span class='ocrx_word' id='word_1_2' title='bbox 580 248 775 276; x_wconf 65' lang='lat' dir='ltr'>conivent</span> <span class='ocrx_word' id='word_1_3' title='bbox 807 247 993 274; x_wconf 80' lang='lat' dir='ltr'>NEPO&#39;I&#39;Is.</span> <span class='ocrx_word' id='word_1_4' title='bbox 1299 230 1357 285; x_wconf 90' lang='lat'>[3‚</span> <span class='ocrx_word' id='word_1_5' title='bbox 1377 235 1415 272; x_wconf 87' lang='lat'>4.</span> 
     </span>
    </p>
   </div>
   <div class='ocr_carea' id='block_1_2' title="bbox 152 332 1418 1132">
    <p class='ocr_par' dir='ltr' id='par_1_2' title="bbox 152 332 1418 1132">
     <span class='ocr_line' id='line_1_2' title="bbox 155 332 1417 384; baseline -0.003 -10"><span class='ocrx_word' id='word_1_6' title='bbox 155 335 277 374; x_wconf 89' lang='lat' dir='ltr'>hostes</span> <span class='ocrx_word' id='word_1_7' title='bbox 294 350 368 374; x_wconf 90' lang='lat' dir='ltr'>non</span> <span class='ocrx_word' id='word_1_8' title='bbox 383 335 595 379; x_wconf 61' lang='lat' dir='ltr'>credituros</span> <span class='ocrx_word' id='word_1_9' title='bbox 614 336 777 384; x_wconf 86' lang='lat' dir='ltr'>aliasque</span> <span class='ocrx_word' id='word_1_10' title='bbox 792 334 956 382; x_wconf 83' lang='lat' dir='ltr'>regiones</span> <span class='ocrx_word' id='word_1_11' title='bbox 971 332 1146 382; x_wconf 86' lang='lat' dir='ltr'>praesidiis</span> <span class='ocrx_word' id='word_1_12' title='bbox 1164 340 1417 383; x_wconf 87' lang='lat' dir='ltr'>occupaturos,</span> 
     </span>
     <span class='ocr_line' id='line_1_3' title="bbox 154 398 1418 447; baseline -0.002 -10"><span class='ocrx_word' id='word_1_13' title='bbox 154 413 221 436; x_wconf 88' lang='lat' dir='ltr'>nec</span> <span class='ocrx_word' id='word_1_14' title='bbox 234 399 477 443; x_wconf 79' lang='lat' dir='ltr'>dubitaturos,</span> <span class='ocrx_word' id='word_1_15' title='bbox 489 398 591 436; x_wconf 87' lang='lat' dir='ltr'>aliud</span> <span class='ocrx_word' id='word_1_16' title='bbox 603 412 678 435; x_wconf 86' lang='lat' dir='ltr'>esse</span> <span class='ocrx_word' id='word_1_17' title='bbox 692 399 891 440; x_wconf 84' lang='lat' dir='ltr'>facturum,</span> <span class='ocrx_word' id='word_1_18' title='bbox 903 411 946 434; x_wconf 87' lang='lat' dir='ltr'>ac</span> <span class='ocrx_word' id='word_1_19' title='bbox 958 398 1242 447; x_wconf 73' lang='lat' dir='ltr'>pronuntiasset.</span> <span class='ocrx_word' id='word_1_20' title='bbox 1288 400 1322 434; x_wconf 89' lang='lat'>5.</span> <span class='ocrx_word' id='word_1_21' title='bbox 1341 398 1418 435; x_wconf 87' lang='lat' dir='ltr'>Ita-</span> 
     </span>
     <span class='ocr_line' id='line_1_4' title="bbox 153 460 1417 511; baseline -0.002 -11"><span class='ocrx_word' id='word_1_22' title='bbox 153 476 224 511; x_wconf 90' lang='lat' dir='ltr'>que</span> <span class='ocrx_word' id='word_1_23' title='bbox 243 477 358 511; x_wconf 91' lang='lat' dir='ltr'>quum</span> <span class='ocrx_word' id='word_1_24' title='bbox 378 464 439 499; x_wconf 91' lang='lat' dir='ltr'>ille</span> <span class='ocrx_word' id='word_1_25' title='bbox 465 461 600 499; x_wconf 81' lang='lat' dir='ltr'>Sardes</span> <span class='ocrx_word' id='word_1_26' title='bbox 622 462 766 498; x_wconf 85' lang='lat' dir='ltr'>iturum</span> <span class='ocrx_word' id='word_1_27' title='bbox 790 475 826 497; x_wconf 92' lang='lat' dir='ltr'>se</span> <span class='ocrx_word' id='word_1_28' title='bbox 850 460 1011 504; x_wconf 81' lang='lat' dir='ltr'>dixisset,</span> <span class='ocrx_word' id='word_1_29' title='bbox 1029 460 1296 509; x_wconf 80' lang='lat' dir='ltr'>Tissaphernes</span> <span class='ocrx_word' id='word_1_30' title='bbox 1318 474 1417 497; x_wconf 88' lang='lat' dir='ltr'>eam-</span> 
     </span>
     <span class='ocr_line' id='line_1_5' title="bbox 152 518 1417 573; baseline -0.002 -10"><span class='ocrx_word' id='word_1_31' title='bbox 152 518 238 563; x_wconf 80' lang='lat' dir='ltr'>dem</span> <span class='ocrx_word' id='word_1_32' title='bbox 251 527 406 563; x_wconf 79' lang='lat' dir='ltr'>Cariam</span> <span class='ocrx_word' id='word_1_33' title='bbox 421 524 691 563; x_wconf 82' lang='lat' dir='ltr'>defendendam</span> <span class='ocrx_word' id='word_1_34' title='bbox 706 525 866 573; x_wconf 88' lang='lat' dir='ltr'>putavit.</span> <span class='ocrx_word' id='word_1_35' title='bbox 915 524 963 561; x_wconf 92' lang='lat' dir='ltr'>In</span> <span class='ocrx_word' id='word_1_36' title='bbox 979 537 1048 572; x_wconf 90' lang='lat' dir='ltr'>quo</span> <span class='ocrx_word' id='word_1_37' title='bbox 1064 537 1180 573; x_wconf 91' lang='lat' dir='ltr'>quum</span> <span class='ocrx_word' id='word_1_38' title='bbox 1195 537 1282 560; x_wconf 90' lang='lat' dir='ltr'>eum</span> <span class='ocrx_word' id='word_1_39' title='bbox 1297 524 1417 573; x_wconf 90' lang='lat' dir='ltr'>opinio</span> 
     </span>
     <span class='ocr_line' id='line_1_6' title="bbox 155 585 1416 638; baseline -0.002 -12"><span class='ocrx_word' id='word_1_40' title='bbox 155 590 339 626; x_wconf 79' lang='lat' dir='ltr'>fefellisset</span> <span class='ocrx_word' id='word_1_41' title='bbox 367 590 583 638; x_wconf 76' lang='lat' dir='ltr'>victumque</span> <span class='ocrx_word' id='word_1_42' title='bbox 612 602 648 625; x_wconf 92' lang='lat' dir='ltr'>se</span> <span class='ocrx_word' id='word_1_43' title='bbox 677 586 828 624; x_wconf 82' lang='lat' dir='ltr'>vidisset</span> <span class='ocrx_word' id='word_1_44' title='bbox 857 587 1017 630; x_wconf 85' lang='lat' dir='ltr'>consilio,</span> <span class='ocrx_word' id='word_1_45' title='bbox 1043 600 1120 624; x_wconf 89' lang='lat' dir='ltr'>sero</span> <span class='ocrx_word' id='word_1_46' title='bbox 1148 587 1223 624; x_wconf 88' lang='lat' dir='ltr'>suis</span> <span class='ocrx_word' id='word_1_47' title='bbox 1249 585 1416 636; x_wconf 83' lang='lat' dir='ltr'>praesidio</span> 
     </span>
     <span class='ocr_line' id='line_1_7' title="bbox 155 650 1417 701; baseline -0.002 -13"><span class='ocrx_word' id='word_1_48' title='bbox 155 653 335 701; x_wconf 84' lang='lat' dir='ltr'>profectus</span> <span class='ocrx_word' id='word_1_49' title='bbox 355 659 420 689; x_wconf 82' lang='lat' dir='ltr'>est.</span> <span class='ocrx_word' id='word_1_50' title='bbox 477 653 584 689; x_wconf 85' lang='lat' dir='ltr'>Nam</span> <span class='ocrx_word' id='word_1_51' title='bbox 599 665 715 700; x_wconf 88' lang='lat' dir='ltr'>quum</span> <span class='ocrx_word' id='word_1_52' title='bbox 734 651 796 688; x_wconf 88' lang='lat' dir='ltr'>illo</span> <span class='ocrx_word' id='word_1_53' title='bbox 817 651 986 694; x_wconf 80' lang='lat' dir='ltr'>venisset,</span> <span class='ocrx_word' id='word_1_54' title='bbox 1002 651 1085 698; x_wconf 85' lang='lat' dir='ltr'>jam</span> <span class='ocrx_word' id='word_1_55' title='bbox 1098 650 1306 698; x_wconf 83' lang='lat' dir='ltr'>Agesilaus,</span> <span class='ocrx_word' id='word_1_56' title='bbox 1323 650 1417 686; x_wconf 90' lang='lat' dir='ltr'>mul-</span> 
     </span>
     <span class='ocr_line' id='line_1_8' title="bbox 155 712 1416 763; baseline -0.001 -12"><span class='ocrx_word' id='word_1_57' title='bbox 155 715 200 751; x_wconf 87' lang='lat' dir='ltr'>tis</span> <span class='ocrx_word' id='word_1_58' title='bbox 227 715 314 751; x_wconf 89' lang='lat' dir='ltr'>locis</span> <span class='ocrx_word' id='word_1_59' title='bbox 343 715 576 763; x_wconf 80' lang='lat' dir='ltr'>expugnatis,</span> <span class='ocrx_word' id='word_1_60' title='bbox 601 727 742 761; x_wconf 84' lang='lat' dir='ltr'>magna</span> <span class='ocrx_word' id='word_1_61' title='bbox 771 721 852 750; x_wconf 87' lang='lat' dir='ltr'>erat</span> <span class='ocrx_word' id='word_1_62' title='bbox 879 712 1006 763; x_wconf 86' lang='lat' dir='ltr'>praeda</span> <span class='ocrx_word' id='word_1_63' title='bbox 1031 713 1182 762; x_wconf 88' lang='lat' dir='ltr'>potitus.</span> <span class='ocrx_word' id='word_1_64' title='bbox 1249 715 1282 750; x_wconf 88' lang='grc'>6.</span> <span class='ocrx_word' id='word_1_65' title='bbox 1311 713 1416 750; x_wconf 82' lang='lat' dir='ltr'>Laco</span> 
     </span>
     <span class='ocr_line' id='line_1_9' title="bbox 154 777 1416 826; baseline -0.002 -12"><span class='ocrx_word' id='word_1_66' title='bbox 154 785 293 821; x_wconf 86' lang='lat' dir='ltr'>autem,</span> <span class='ocrx_word' id='word_1_67' title='bbox 315 791 431 826; x_wconf 89' lang='lat' dir='ltr'>quum</span> <span class='ocrx_word' id='word_1_68' title='bbox 459 777 613 820; x_wconf 81' lang='lat' dir='ltr'>videret,</span> <span class='ocrx_word' id='word_1_69' title='bbox 638 778 760 814; x_wconf 91' lang='lat' dir='ltr'>hostes</span> <span class='ocrx_word' id='word_1_70' title='bbox 793 777 967 825; x_wconf 85' lang='lat' dir='ltr'>equitatu</span> <span class='ocrx_word' id='word_1_71' title='bbox 999 790 1183 826; x_wconf 86' lang='lat' dir='ltr'>superare,</span> <span class='ocrx_word' id='word_1_72' title='bbox 1207 789 1416 825; x_wconf 83' lang='lat' dir='ltr'>numquam</span> 
     </span>
     <span class='ocr_line' id='line_1_10' title="bbox 152 839 1414 890; baseline -0.001 -13"><span class='ocrx_word' id='word_1_73' title='bbox 152 841 191 878; x_wconf 90' lang='lat' dir='ltr'>in</span> <span class='ocrx_word' id='word_1_74' title='bbox 210 854 341 890; x_wconf 88' lang='lat' dir='ltr'>campo</span> <span class='ocrx_word' id='word_1_75' title='bbox 361 841 417 877; x_wconf 91' lang='lat' dir='ltr'>sui</span> <span class='ocrx_word' id='word_1_76' title='bbox 437 840 524 877; x_wconf 86' lang='lat' dir='ltr'>fecit</span> <span class='ocrx_word' id='word_1_77' title='bbox 544 845 779 889; x_wconf 88' lang='lat' dir='ltr'>potestatem,</span> <span class='ocrx_word' id='word_1_78' title='bbox 798 846 835 876; x_wconf 86' lang='lat' dir='ltr'>et</span> <span class='ocrx_word' id='word_1_79' title='bbox 854 840 912 876; x_wconf 91' lang='lat' dir='ltr'>his</span> <span class='ocrx_word' id='word_1_80' title='bbox 930 840 1018 876; x_wconf 89' lang='lat' dir='ltr'>locis</span> <span class='ocrx_word' id='word_1_81' title='bbox 1039 853 1197 876; x_wconf 87' lang='lat' dir='ltr'>manum</span> <span class='ocrx_word' id='word_1_82' title='bbox 1220 839 1414 882; x_wconf 80' lang='lat' dir='ltr'>conseruit,</span> 
     </span>
     <span class='ocr_line' id='line_1_11' title="bbox 152 902 1417 953; baseline -0.002 -13"><span class='ocrx_word' id='word_1_83' title='bbox 152 903 284 952; x_wconf 84' lang='lat' dir='ltr'>quibus</span> <span class='ocrx_word' id='word_1_84' title='bbox 303 905 386 953; x_wconf 91' lang='lat' dir='ltr'>plus</span> <span class='ocrx_word' id='word_1_85' title='bbox 405 905 591 953; x_wconf 78' lang='lat' dir='ltr'>pedestres</span> <span class='ocrx_word' id='word_1_86' title='bbox 611 903 723 952; x_wconf 84' lang='lat' dir='ltr'>eopiae</span> <span class='ocrx_word' id='word_1_87' title='bbox 743 903 922 940; x_wconf 87' lang='lat' dir='ltr'>valerent.</span> <span class='ocrx_word' id='word_1_88' title='bbox 980 903 1132 951; x_wconf 86' lang='lat' dir='ltr'>Pepulit</span> <span class='ocrx_word' id='word_1_89' title='bbox 1151 916 1244 950; x_wconf 86' lang='lat' dir='ltr'>ergo,</span> <span class='ocrx_word' id='word_1_90' title='bbox 1262 902 1417 951; x_wconf 88' lang='lat' dir='ltr'>quoties-</span> 
     </span>
     <span class='ocr_line' id='line_1_12' title="bbox 153 964 1417 1015; baseline -0.001 -12"><span class='ocrx_word' id='word_1_91' title='bbox 153 980 310 1015; x_wconf 91' lang='lat' dir='ltr'>cumque</span> <span class='ocrx_word' id='word_1_92' title='bbox 334 980 547 1015; x_wconf 85' lang='lat' dir='ltr'>congressus</span> <span class='ocrx_word' id='word_1_93' title='bbox 569 972 635 1009; x_wconf 90' lang='lat' dir='ltr'>est,</span> <span class='ocrx_word' id='word_1_94' title='bbox 656 966 776 1002; x_wconf 89' lang='lat' dir='ltr'>multo</span> <span class='ocrx_word' id='word_1_95' title='bbox 796 966 954 1014; x_wconf 85' lang='lat' dir='ltr'>majores</span> <span class='ocrx_word' id='word_1_96' title='bbox 977 964 1273 1002; x_wconf 84' lang='lat' dir='ltr'>adversariorum</span> <span class='ocrx_word' id='word_1_97' title='bbox 1295 965 1417 1014; x_wconf 84' lang='lat' dir='ltr'>copias</span> 
     </span>
     <span class='ocr_line' id='line_1_13' title="bbox 152 1029 1417 1078; baseline 0.001 -12"><span class='ocrx_word' id='word_1_98' title='bbox 152 1036 190 1066; x_wconf 87' lang='lat' dir='ltr'>et</span> <span class='ocrx_word' id='word_1_99' title='bbox 209 1030 260 1067; x_wconf 85' lang='lat' dir='ltr'>sic</span> <span class='ocrx_word' id='word_1_100' title='bbox 282 1030 320 1067; x_wconf 89' lang='lat' dir='ltr'>in</span> <span class='ocrx_word' id='word_1_101' title='bbox 340 1030 433 1067; x_wconf 86' lang='lat' dir='ltr'>Asia</span> <span class='ocrx_word' id='word_1_102' title='bbox 454 1036 623 1068; x_wconf 87' lang='lat' dir='ltr'>versatus</span> <span class='ocrx_word' id='word_1_103' title='bbox 646 1035 712 1073; x_wconf 84' lang='lat' dir='ltr'>est,</span> <span class='ocrx_word' id='word_1_104' title='bbox 733 1036 776 1066; x_wconf 91' lang='lat' dir='ltr'>ut</span> <span class='ocrx_word' id='word_1_105' title='bbox 796 1030 964 1066; x_wconf 88' lang='lat' dir='ltr'>omnium</span> <span class='ocrx_word' id='word_1_106' title='bbox 983 1030 1151 1078; x_wconf 85' lang='lat' dir='ltr'>opinione</span> <span class='ocrx_word' id='word_1_107' title='bbox 1170 1031 1288 1068; x_wconf 84' lang='lat' dir='ltr'>victor</span> <span class='ocrx_word' id='word_1_108' title='bbox 1311 1029 1417 1067; x_wconf 81' lang='lat' dir='ltr'>duce-</span> 
     </span>
     <span class='ocr_line' id='line_1_14' title="bbox 152 1101 264 1132; baseline 0.009 -1"><span class='ocrx_word' id='word_1_109' title='bbox 152 1101 264 1132; x_wconf 87' lang='lat' dir='ltr'>retur.</span> 
     </span>
    </p>
   </div>
   <div class='ocr_carea' id='block_1_3' title="bbox 711 1202 869 1208">
    <p class='ocr_par' dir='ltr' id='par_1_3' title="bbox 711 1202 869 1208">
     <span class='ocr_line' id='line_1_15' title="bbox 711 1202 869 1208; baseline 0 0"><span class='ocrx_word' id='word_1_110' title='bbox 711 1202 869 1208; x_wconf 95' lang='lat' dir='ltr'> </span> 
     </span>
    </p>
   </div>
   <div class='ocr_carea' id='block_1_4' title="bbox 608 1276 970 1315">
    <p class='ocr_par' dir='ltr' id='par_1_4' title="bbox 608 1276 970 1315">
     <span class='ocr_line' id='line_1_16' title="bbox 608 1276 970 1315; baseline -0.006 0"><span class='ocrx_word' id='word_1_111' title='bbox 608 1276 850 1315; x_wconf 84' lang='lat' dir='ltr'><strong>CAPUT</strong></span> <span class='ocrx_word' id='word_1_112' title='bbox 889 1277 970 1314; x_wconf 88' lang='lat' dir='ltr'>IV.</span> 
     </span>
    </p>
   </div>
   <div class='ocr_carea' id='block_1_5' title="bbox 154 1350 1423 2537">
    <p class='ocr_par' dir='ltr' id='par_1_5' title="bbox 154 1350 1423 2537">
     <span class='ocr_line' id='line_1_17' title="bbox 210 1350 1420 1401; baseline -0.002 -12"><span class='ocrx_word' id='word_1_113' title='bbox 210 1357 237 1390; x_wconf 94' lang='grc'>1.</span> <span class='ocrx_word' id='word_1_114' title='bbox 261 1354 337 1391; x_wconf 88' lang='lat' dir='ltr'>H1c</span> <span class='ocrx_word' id='word_1_115' title='bbox 354 1365 472 1401; x_wconf 90' lang='lat' dir='ltr'>quum</span> <span class='ocrx_word' id='word_1_116' title='bbox 483 1352 566 1400; x_wconf 87' lang='lat' dir='ltr'>jam</span> <span class='ocrx_word' id='word_1_117' title='bbox 583 1351 708 1388; x_wconf 88' lang='lat' dir='ltr'>animo</span> <span class='ocrx_word' id='word_1_118' title='bbox 726 1350 972 1387; x_wconf 83' lang='lat' dir='ltr'>meditaretur</span> <span class='ocrx_word' id='word_1_119' title='bbox 986 1350 1166 1400; x_wconf 88' lang='lat' dir='ltr'>proficisci</span> <span class='ocrx_word' id='word_1_120' title='bbox 1181 1350 1220 1387; x_wconf 92' lang='lat' dir='ltr'>in</span> <span class='ocrx_word' id='word_1_121' title='bbox 1235 1351 1367 1387; x_wconf 88' lang='lat' dir='ltr'>Persas</span> <span class='ocrx_word' id='word_1_122' title='bbox 1381 1356 1420 1387; x_wconf 87' lang='lat' dir='ltr'>et</span> 
     </span>
     <span class='ocr_line' id='line_1_18' title="bbox 155 1412 1417 1466; baseline -0.002 -13"><span class='ocrx_word' id='word_1_123' title='bbox 155 1417 275 1466; x_wconf 85' lang='lat' dir='ltr'>ipsum</span> <span class='ocrx_word' id='word_1_124' title='bbox 292 1429 417 1463; x_wconf 86' lang='lat' dir='ltr'>regem</span> <span class='ocrx_word' id='word_1_125' title='bbox 438 1415 581 1458; x_wconf 84' lang='lat' dir='ltr'>adoriri,</span> <span class='ocrx_word' id='word_1_126' title='bbox 599 1414 752 1451; x_wconf 87' lang='lat' dir='ltr'>nuntius</span> <span class='ocrx_word' id='word_1_127' title='bbox 768 1414 801 1450; x_wconf 87' lang='lat' dir='ltr'>ei</span> <span class='ocrx_word' id='word_1_128' title='bbox 816 1412 924 1450; x_wconf 92' lang='lat' dir='ltr'>domo</span> <span class='ocrx_word' id='word_1_129' title='bbox 939 1414 1042 1450; x_wconf 89' lang='lat' dir='ltr'>venit</span> <span class='ocrx_word' id='word_1_130' title='bbox 1057 1414 1279 1462; x_wconf 82' lang='lat' dir='ltr'>ephororum</span> <span class='ocrx_word' id='word_1_131' title='bbox 1292 1413 1417 1456; x_wconf 90' lang='lat' dir='ltr'>missu,</span> 
     </span>
     <span class='ocr_line' id='line_1_19' title="bbox 155 1475 1420 1526; baseline -0.001 -11"><span class='ocrx_word' id='word_1_132' title='bbox 155 1479 296 1516; x_wconf 87' lang='lat' dir='ltr'>bellum</span> <span class='ocrx_word' id='word_1_133' title='bbox 306 1478 554 1515; x_wconf 86' lang='lat' dir='ltr'>Athenienses</span> <span class='ocrx_word' id='word_1_134' title='bbox 567 1484 604 1515; x_wconf 81' lang='lat' dir='ltr'>et</span> <span class='ocrx_word' id='word_1_135' title='bbox 614 1477 775 1514; x_wconf 88' lang='lat' dir='ltr'>Boeotios</span> <span class='ocrx_word' id='word_1_136' title='bbox 788 1475 960 1513; x_wconf 67' lang='lat' dir='ltr'>indixisse</span> <span class='ocrx_word' id='word_1_137' title='bbox 969 1476 1265 1513; x_wconf 83' lang='lat' dir='ltr'>Lacedaemoniis</span> <span class='ocrx_word' id='word_1_138' title='bbox 1278 1490 1285 1521; x_wconf 90' lang='lat'>;</span> <span class='ocrx_word' id='word_1_139' title='bbox 1307 1491 1420 1526; x_wconf 87' lang='lat' dir='ltr'>quare</span> 
     </span>
     <span class='ocr_line' id='line_1_20' title="bbox 155 1540 1420 1590; baseline -0.002 -11"><span class='ocrx_word' id='word_1_140' title='bbox 155 1543 279 1579; x_wconf 86' lang='lat' dir='ltr'>venire</span> <span class='ocrx_word' id='word_1_141' title='bbox 307 1556 353 1578; x_wconf 89' lang='lat' dir='ltr'>ne</span> <span class='ocrx_word' id='word_1_142' title='bbox 376 1540 578 1578; x_wconf 85' lang='lat' dir='ltr'>dubitaret.</span> <span class='ocrx_word' id='word_1_143' title='bbox 636 1543 670 1576; x_wconf 82' lang='lat'>2.</span> <span class='ocrx_word' id='word_1_144' title='bbox 702 1541 750 1577; x_wconf 88' lang='lat' dir='ltr'>In</span> <span class='ocrx_word' id='word_1_145' title='bbox 771 1541 840 1576; x_wconf 90' lang='lat' dir='ltr'>hoc</span> <span class='ocrx_word' id='word_1_146' title='bbox 849 1554 937 1590; x_wconf 41' lang='lat' dir='ltr'>‘non</span> <span class='ocrx_word' id='word_1_147' title='bbox 959 1540 1082 1576; x_wconf 85' lang='lat' dir='ltr'>minus</span> <span class='ocrx_word' id='word_1_148' title='bbox 1105 1541 1183 1588; x_wconf 90' lang='lat' dir='ltr'>ejus</span> <span class='ocrx_word' id='word_1_149' title='bbox 1204 1540 1324 1589; x_wconf 87' lang='lat' dir='ltr'>pietas</span> <span class='ocrx_word' id='word_1_150' title='bbox 1347 1554 1420 1577; x_wconf 91' lang='lat' dir='ltr'>sus-</span> 
     </span>
     <span class='ocr_line' id='line_1_21' title="bbox 154 1603 1421 1655; baseline -0.002 -13"><span class='ocrx_word' id='word_1_151' title='bbox 154 1606 324 1655; x_wconf 86' lang='lat' dir='ltr'>picienda</span> <span class='ocrx_word' id='word_1_152' title='bbox 343 1611 409 1647; x_wconf 90' lang='lat' dir='ltr'>est,</span> <span class='ocrx_word' id='word_1_153' title='bbox 424 1618 538 1652; x_wconf 90' lang='lat' dir='ltr'>quam</span> <span class='ocrx_word' id='word_1_154' title='bbox 553 1604 673 1640; x_wconf 84' lang='lat' dir='ltr'>virtus</span> <span class='ocrx_word' id='word_1_155' title='bbox 687 1603 821 1640; x_wconf 86' lang='lat' dir='ltr'>bellica</span> <span class='ocrx_word' id='word_1_156' title='bbox 838 1616 844 1639; x_wconf 79' lang='lat' dir='ltr'>z</span> <span class='ocrx_word' id='word_1_157' title='bbox 877 1603 950 1651; x_wconf 89' lang='lat' dir='ltr'>qui,</span> <span class='ocrx_word' id='word_1_158' title='bbox 969 1616 1086 1651; x_wconf 90' lang='lat' dir='ltr'>quum</span> <span class='ocrx_word' id='word_1_159' title='bbox 1100 1603 1233 1640; x_wconf 85' lang='lat' dir='ltr'>victori</span> <span class='ocrx_word' id='word_1_160' title='bbox 1251 1609 1421 1652; x_wconf 84' lang='lat' dir='ltr'>praeesset</span> 
     </span>
     <span class='ocr_line' id='line_1_22' title="bbox 155 1665 1421 1716; baseline -0.002 -11"><span class='ocrx_word' id='word_1_161' title='bbox 155 1667 346 1710; x_wconf 79' lang='lat' dir='ltr'>exercitui,</span> <span class='ocrx_word' id='word_1_162' title='bbox 363 1667 647 1715; x_wconf 81' lang='lat' dir='ltr'>maximamque</span> <span class='ocrx_word' id='word_1_163' title='bbox 662 1667 817 1703; x_wconf 87' lang='lat' dir='ltr'>haberet</span> <span class='ocrx_word' id='word_1_164' title='bbox 833 1665 1011 1702; x_wconf 83' lang='lat' dir='ltr'>fiduciam</span> <span class='ocrx_word' id='word_1_165' title='bbox 1026 1666 1130 1714; x_wconf 84' lang='lat' dir='ltr'>regni</span> <span class='ocrx_word' id='word_1_166' title='bbox 1145 1666 1347 1703; x_wconf 82' lang='lat' dir='ltr'>Persarum</span> <span class='ocrx_word' id='word_1_167' title='bbox 1361 1681 1421 1716; x_wconf 94' lang='lat' dir='ltr'>po-</span> 
     </span>
     <span class='ocr_line' id='line_1_23' title="bbox 155 1727 1422 1777; baseline -0.002 -8"><span class='ocrx_word' id='word_1_168' title='bbox 155 1730 287 1776; x_wconf 83' lang='lat' dir='ltr'>tiundi,</span> <span class='ocrx_word' id='word_1_169' title='bbox 311 1737 422 1768; x_wconf 85' lang='lat' dir='ltr'>tanta</span> <span class='ocrx_word' id='word_1_170' title='bbox 449 1730 631 1767; x_wconf 87' lang='lat' dir='ltr'>modestia</span> <span class='ocrx_word' id='word_1_171' title='bbox 657 1728 756 1766; x_wconf 86' lang='lat' dir='ltr'>dicto</span> <span class='ocrx_word' id='word_1_172' title='bbox 791 1727 944 1765; x_wconf 86' lang='lat' dir='ltr'>audiens</span> <span class='ocrx_word' id='word_1_173' title='bbox 971 1729 1042 1765; x_wconf 78' lang='lat' dir='ltr'>fuit</span> <span class='ocrx_word' id='word_1_174' title='bbox 1064 1729 1176 1777; x_wconf 90' lang='lat' dir='ltr'>jussis</span> <span class='ocrx_word' id='word_1_175' title='bbox 1209 1730 1422 1767; x_wconf 87' lang='lat' dir='ltr'>absentium</span> 
     </span>
     <span class='ocr_line' id='line_1_24' title="bbox 155 1792 1422 1844; baseline -0.001 -12"><span class='ocrx_word' id='word_1_176' title='bbox 155 1795 458 1844; x_wconf 80' lang='lat' dir='ltr'>magistratuum,</span> <span class='ocrx_word' id='word_1_177' title='bbox 479 1800 524 1830; x_wconf 88' lang='lat' dir='ltr'>ut</span> <span class='ocrx_word' id='word_1_178' title='bbox 547 1793 577 1829; x_wconf 91' lang='lat' dir='ltr'>si</span> <span class='ocrx_word' id='word_1_179' title='bbox 595 1792 764 1842; x_wconf 89' lang='lat' dir='ltr'>privatus</span> <span class='ocrx_word' id='word_1_180' title='bbox 781 1792 821 1828; x_wconf 88' lang='lat' dir='ltr'>in</span> <span class='ocrx_word' id='word_1_181' title='bbox 844 1792 992 1829; x_wconf 86' lang='lat' dir='ltr'>comitio</span> <span class='ocrx_word' id='word_1_182' title='bbox 1015 1798 1108 1829; x_wconf 80' lang='lat' dir='ltr'>esset</span> <span class='ocrx_word' id='word_1_183' title='bbox 1129 1793 1285 1842; x_wconf 86' lang='lat' dir='ltr'>Spartae.</span> <span class='ocrx_word' id='word_1_184' title='bbox 1349 1793 1422 1831; x_wconf 93' lang='lat' dir='ltr'>Cu-</span> 
     </span>
     <span class='ocr_line' id='line_1_25' title="bbox 158 1855 1420 1907; baseline -0.002 -12"><span class='ocrx_word' id='word_1_185' title='bbox 158 1859 222 1907; x_wconf 88' lang='lat' dir='ltr'>jus</span> <span class='ocrx_word' id='word_1_186' title='bbox 249 1858 465 1906; x_wconf 82' lang='lat' dir='ltr'>exemplum</span> <span class='ocrx_word' id='word_1_187' title='bbox 487 1857 636 1893; x_wconf 89' lang='lat' dir='ltr'>utinam</span> <span class='ocrx_word' id='word_1_188' title='bbox 663 1856 903 1904; x_wconf 86' lang='lat' dir='ltr'>imperatores</span> <span class='ocrx_word' id='word_1_189' title='bbox 929 1855 1044 1892; x_wconf 88' lang='lat' dir='ltr'>nostri</span> <span class='ocrx_word' id='word_1_190' title='bbox 1071 1856 1173 1904; x_wconf 86' lang='lat' dir='ltr'>sequi</span> <span class='ocrx_word' id='word_1_191' title='bbox 1195 1856 1420 1893; x_wconf 80' lang='lat' dir='ltr'>voluissent!</span> 
     </span>
     <span class='ocr_line' id='line_1_26' title="bbox 157 1917 1421 1968; baseline -0.002 -10"><span class='ocrx_word' id='word_1_192' title='bbox 157 1924 192 1958; x_wconf 90' lang='lat'>3.</span> <span class='ocrx_word' id='word_1_193' title='bbox 226 1919 300 1958; x_wconf 84' lang='lat' dir='ltr'>Sed</span> <span class='ocrx_word' id='word_1_194' title='bbox 318 1920 406 1956; x_wconf 91' lang='lat' dir='ltr'>illuc</span> <span class='ocrx_word' id='word_1_195' title='bbox 425 1918 630 1955; x_wconf 85' lang='lat' dir='ltr'>redeamus.</span> <span class='ocrx_word' id='word_1_196' title='bbox 687 1918 886 1965; x_wconf 85' lang='lat' dir='ltr'>Agesilaus</span> <span class='ocrx_word' id='word_1_197' title='bbox 905 1917 1182 1967; x_wconf 89' lang='lat' dir='ltr'>opulentissimo</span> <span class='ocrx_word' id='word_1_198' title='bbox 1201 1932 1314 1966; x_wconf 87' lang='lat' dir='ltr'>regno</span> <span class='ocrx_word' id='word_1_199' title='bbox 1332 1933 1421 1968; x_wconf 82' lang='lat' dir='ltr'>prae-</span> 
     </span>
     <span class='ocr_line' id='line_1_27' title="bbox 157 1980 1419 2033; baseline -0.001 -13"><span class='ocrx_word' id='word_1_200' title='bbox 157 1983 280 2033; x_wconf 88' lang='lat' dir='ltr'>posuit</span> <span class='ocrx_word' id='word_1_201' title='bbox 302 1982 440 2019; x_wconf 87' lang='lat' dir='ltr'>bonam</span> <span class='ocrx_word' id='word_1_202' title='bbox 468 1981 795 2024; x_wconf 76' lang='lat' dir='ltr'>existimationem,</span> <span class='ocrx_word' id='word_1_203' title='bbox 816 1981 1010 2029; x_wconf 90' lang='lat' dir='ltr'>multoque</span> <span class='ocrx_word' id='word_1_204' title='bbox 1038 1981 1227 2029; x_wconf 84' lang='lat' dir='ltr'>gloriosius</span> <span class='ocrx_word' id='word_1_205' title='bbox 1249 1980 1367 2026; x_wconf 81' lang='lat' dir='ltr'>duxit,</span> <span class='ocrx_word' id='word_1_206' title='bbox 1392 1983 1419 2019; x_wconf 85' lang='lat' dir='ltr'>si</span> 
     </span>
     <span class='ocr_line' id='line_1_28' title="bbox 157 2043 1418 2095; baseline -0.001 -12"><span class='ocrx_word' id='word_1_207' title='bbox 157 2045 339 2084; x_wconf 85' lang='lat' dir='ltr'>institutis</span> <span class='ocrx_word' id='word_1_208' title='bbox 360 2045 491 2095; x_wconf 81' lang='lat' dir='ltr'>patriae</span> <span class='ocrx_word' id='word_1_209' title='bbox 514 2044 706 2093; x_wconf 82' lang='lat' dir='ltr'>paruisset,</span> <span class='ocrx_word' id='word_1_210' title='bbox 727 2056 842 2092; x_wconf 86' lang='lat' dir='ltr'>quam</span> <span class='ocrx_word' id='word_1_211' title='bbox 870 2043 900 2080; x_wconf 85' lang='lat' dir='ltr'>si</span> <span class='ocrx_word' id='word_1_212' title='bbox 921 2043 1018 2080; x_wconf 89' lang='lat' dir='ltr'>bello</span> <span class='ocrx_word' id='word_1_213' title='bbox 1046 2051 1252 2093; x_wconf 86' lang='lat' dir='ltr'>superasset</span> <span class='ocrx_word' id='word_1_214' title='bbox 1274 2046 1418 2082; x_wconf 89' lang='lat' dir='ltr'>Asiam.</span> 
     </span>
     <span class='ocr_line' id='line_1_29' title="bbox 157 2107 1422 2158; baseline -0.001 -11"><span class='ocrx_word' id='word_1_215' title='bbox 157 2114 194 2147; x_wconf 82' lang='lat'>4.</span> <span class='ocrx_word' id='word_1_216' title='bbox 220 2111 305 2146; x_wconf 90' lang='lat' dir='ltr'>Hac</span> <span class='ocrx_word' id='word_1_217' title='bbox 328 2109 442 2158; x_wconf 87' lang='lat' dir='ltr'>igitur</span> <span class='ocrx_word' id='word_1_218' title='bbox 464 2114 591 2145; x_wconf 83' lang='lat' dir='ltr'>mente</span> <span class='ocrx_word' id='word_1_219' title='bbox 610 2108 898 2156; x_wconf 85' lang='lat' dir='ltr'>Hellespontum</span> <span class='ocrx_word' id='word_1_220' title='bbox 917 2107 1039 2156; x_wconf 89' lang='lat' dir='ltr'>copias</span> <span class='ocrx_word' id='word_1_221' title='bbox 1062 2108 1218 2156; x_wconf 87' lang='lat' dir='ltr'>trajecit,</span> <span class='ocrx_word' id='word_1_222' title='bbox 1240 2114 1422 2158; x_wconf 86' lang='lat' dir='ltr'>tantaque</span> 
     </span>
     <span class='ocr_line' id='line_1_30' title="bbox 158 2169 1422 2220; baseline -0.002 -9"><span class='ocrx_word' id='word_1_223' title='bbox 158 2187 247 2210; x_wconf 92' lang='lat' dir='ltr'>usus</span> <span class='ocrx_word' id='word_1_224' title='bbox 269 2179 324 2210; x_wconf 86' lang='lat' dir='ltr'>est</span> <span class='ocrx_word' id='word_1_225' title='bbox 347 2172 548 2215; x_wconf 84' lang='lat' dir='ltr'>celeritate,</span> <span class='ocrx_word' id='word_1_226' title='bbox 572 2178 626 2214; x_wconf 85' lang='lat' dir='ltr'>ut,</span> <span class='ocrx_word' id='word_1_227' title='bbox 651 2169 746 2220; x_wconf 89' lang='lat' dir='ltr'>quod</span> <span class='ocrx_word' id='word_1_228' title='bbox 769 2171 839 2207; x_wconf 89' lang='lat' dir='ltr'>iter</span> <span class='ocrx_word' id='word_1_229' title='bbox 861 2170 1007 2208; x_wconf 84' lang='lat' dir='ltr'>Xerxes</span> <span class='ocrx_word' id='word_1_230' title='bbox 1030 2184 1126 2208; x_wconf 88' lang='lat' dir='ltr'>anno</span> <span class='ocrx_word' id='word_1_231' title='bbox 1149 2178 1318 2209; x_wconf 82' lang='lat' dir='ltr'>vertente</span> <span class='ocrx_word' id='word_1_232' title='bbox 1341 2186 1422 2209; x_wconf 89' lang='lat' dir='ltr'>con-</span> 
     </span>
     <span class='ocr_line' id='line_1_31' title="bbox 159 2232 1423 2283; baseline -0.002 -8"><span class='ocrx_word' id='word_1_233' title='bbox 159 2238 307 2281; x_wconf 83' lang='lat' dir='ltr'>fecerat,</span> <span class='ocrx_word' id='word_1_234' title='bbox 328 2236 389 2274; x_wconf 87' lang='lat' dir='ltr'>hic</span> <span class='ocrx_word' id='word_1_235' title='bbox 411 2235 600 2273; x_wconf 85' lang='lat' dir='ltr'>transierit</span> <span class='ocrx_word' id='word_1_236' title='bbox 624 2234 780 2282; x_wconf 87' lang='lat' dir='ltr'>triginta</span> <span class='ocrx_word' id='word_1_237' title='bbox 803 2232 942 2271; x_wconf 83' lang='lat' dir='ltr'>diebus.</span> <span class='ocrx_word' id='word_1_238' title='bbox 1002 2236 1036 2270; x_wconf 87' lang='lat'>5.</span> <span class='ocrx_word' id='word_1_239' title='bbox 1068 2234 1199 2280; x_wconf 90' lang='lat' dir='ltr'>Quum</span> <span class='ocrx_word' id='word_1_240' title='bbox 1215 2235 1298 2283; x_wconf 84' lang='lat' dir='ltr'>jam</span> <span class='ocrx_word' id='word_1_241' title='bbox 1320 2235 1423 2273; x_wconf 88' lang='lat' dir='ltr'>haud</span> 
     </span>
     <span class='ocr_line' id='line_1_32' title="bbox 159 2296 1423 2348; baseline -0.002 -10"><span class='ocrx_word' id='word_1_242' title='bbox 159 2301 214 2338; x_wconf 87' lang='lat' dir='ltr'>ita</span> <span class='ocrx_word' id='word_1_243' title='bbox 245 2301 353 2348; x_wconf 85' lang='lat' dir='ltr'>longe</span> <span class='ocrx_word' id='word_1_244' title='bbox 390 2300 533 2336; x_wconf 86' lang='lat' dir='ltr'>abesset</span> <span class='ocrx_word' id='word_1_245' title='bbox 566 2312 589 2335; x_wconf 89' lang='lat' dir='ltr'>a</span> <span class='ocrx_word' id='word_1_246' title='bbox 618 2298 877 2347; x_wconf 78' lang='lat' dir='ltr'>PeloponneSO‚</span> <span class='ocrx_word' id='word_1_247' title='bbox 908 2296 1082 2334; x_wconf 83' lang='lat' dir='ltr'>obsistere</span> <span class='ocrx_word' id='word_1_248' title='bbox 1115 2298 1148 2334; x_wconf 89' lang='lat' dir='ltr'>ei</span> <span class='ocrx_word' id='word_1_249' title='bbox 1181 2298 1304 2335; x_wconf 88' lang='lat' dir='ltr'>conati</span> <span class='ocrx_word' id='word_1_250' title='bbox 1336 2306 1423 2336; x_wconf 87' lang='lat' dir='ltr'>sunt</span> 
     </span>
     <span class='ocr_line' id='line_1_33' title="bbox 160 2359 1422 2409; baseline -0.001 -10"><span class='ocrx_word' id='word_1_251' title='bbox 160 2362 408 2399; x_wconf 85' lang='lat' dir='ltr'>Athenienses</span> <span class='ocrx_word' id='word_1_252' title='bbox 423 2367 460 2398; x_wconf 87' lang='lat' dir='ltr'>et</span> <span class='ocrx_word' id='word_1_253' title='bbox 473 2360 607 2397; x_wconf 84' lang='lat' dir='ltr'>Boeotii</span> <span class='ocrx_word' id='word_1_254' title='bbox 622 2360 807 2408; x_wconf 83' lang='lat' dir='ltr'>ceterique</span> <span class='ocrx_word' id='word_1_255' title='bbox 822 2373 951 2396; x_wconf 90' lang='lat' dir='ltr'>eorum</span> <span class='ocrx_word' id='word_1_256' title='bbox 966 2360 1063 2406; x_wconf 86' lang='lat' dir='ltr'>socii,</span> <span class='ocrx_word' id='word_1_257' title='bbox 1081 2359 1180 2409; x_wconf 87' lang='lat' dir='ltr'>apud</span> <span class='ocrx_word' id='word_1_258' title='bbox 1194 2361 1422 2398; x_wconf 88' lang='lat' dir='ltr'>Coroneam:</span> 
     </span>
     <span class='ocr_line' id='line_1_34' title="bbox 160 2423 1423 2474; baseline 0 -13"><span class='ocrx_word' id='word_1_259' title='bbox 160 2438 250 2473; x_wconf 92' lang='lat' dir='ltr'>quos</span> <span class='ocrx_word' id='word_1_260' title='bbox 264 2438 390 2461; x_wconf 88' lang='lat' dir='ltr'>omnes</span> <span class='ocrx_word' id='word_1_261' title='bbox 404 2424 511 2473; x_wconf 87' lang='lat' dir='ltr'>gravi</span> <span class='ocrx_word' id='word_1_262' title='bbox 526 2424 651 2474; x_wconf 53' lang='lat' dir='ltr'>prae-lio</span> <span class='ocrx_word' id='word_1_263' title='bbox 663 2423 767 2460; x_wconf 90' lang='lat' dir='ltr'>vicit.</span> <span class='ocrx_word' id='word_1_264' title='bbox 811 2424 846 2460; x_wconf 91' lang='grc'>6.</span> <span class='ocrx_word' id='word_1_265' title='bbox 867 2423 994 2470; x_wconf 89' lang='lat' dir='ltr'>Hujus</span> <span class='ocrx_word' id='word_1_266' title='bbox 1006 2423 1169 2460; x_wconf 78' lang='lat' dir='ltr'>victoriae</span> <span class='ocrx_word' id='word_1_267' title='bbox 1181 2425 1242 2460; x_wconf 87' lang='lat' dir='ltr'>vel</span> <span class='ocrx_word' id='word_1_268' title='bbox 1256 2424 1423 2461; x_wconf 85' lang='lat' dir='ltr'>maxima</span> 
     </span>
     <span class='ocr_line' id='line_1_35' title="bbox 161 2485 1422 2537; baseline -0.002 -14"><span class='ocrx_word' id='word_1_269' title='bbox 161 2486 232 2524; x_wconf 86' lang='lat' dir='ltr'>suit</span> <span class='ocrx_word' id='word_1_270' title='bbox 253 2488 346 2531; x_wconf 85' lang='lat' dir='ltr'>laus,</span> <span class='ocrx_word' id='word_1_271' title='bbox 367 2485 474 2537; x_wconf 90' lang='lat' dir='ltr'>quod,</span> <span class='ocrx_word' id='word_1_272' title='bbox 495 2500 613 2536; x_wconf 91' lang='lat' dir='ltr'>quum</span> <span class='ocrx_word' id='word_1_273' title='bbox 635 2485 799 2536; x_wconf 88' lang='lat' dir='ltr'>plerique</span> <span class='ocrx_word' id='word_1_274' title='bbox 827 2498 873 2522; x_wconf 82' lang='lat' dir='ltr'>ex</span> <span class='ocrx_word' id='word_1_275' title='bbox 895 2485 987 2533; x_wconf 85' lang='lat' dir='ltr'>fuga</span> <span class='ocrx_word' id='word_1_276' title='bbox 1014 2498 1052 2522; x_wconf 89' lang='lat' dir='ltr'>se</span> <span class='ocrx_word' id='word_1_277' title='bbox 1079 2486 1117 2521; x_wconf 89' lang='lat' dir='ltr'>in</span> <span class='ocrx_word' id='word_1_278' title='bbox 1146 2486 1328 2534; x_wconf 83' lang='lat' dir='ltr'>templum</span> <span class='ocrx_word' id='word_1_279' title='bbox 1350 2486 1422 2525; x_wconf 83' lang='lat' dir='ltr'>Mi-</span> 
     </span>
    </p>
   </div>
  </div>
 </body>
</html>
