1575 2771
138 224 177 268 2,
194 220 255 275 3.]
573 233 673 260 xvir.
702 233 946 260 AGESILAUS.
1345 224 1393 260 81

137 321 250 371 copiis
268 321 485 370 pervenerit,
503 335 617 370 quam
635 321 726 370 regii
746 327 903 371 satrapae
922 334 1010 358 eum
1029 320 1166 357 scirent
1179 320 1395 369 profectum.

137 385 222 430 Quo
245 385 390 422 factum
413 391 478 428 est,
503 392 547 422 ut
568 399 695 422 omnes
717 386 922 434 imparatos
944 383 1267 433 imprudentesque
1290 384 1399 420 offen-

137 448 251 484 deret.
309 450 344 484 3.
375 446 422 484 Id.
441 454 485 485 ut
505 449 677 496 cognovit
698 449 975 497 Tissaphernes,
993 448 1057 496 qui
1076 461 1268 484 summum
1288 447 1401 496 impe-

137 511 238 548 rium
257 517 342 548 tum
362 511 459 548 inter
477 512 666 561 praefectos
686 511 850 548 habebat
870 511 997 558 regios,
1019 511 1188 547 inducias
1208 524 1230 546 a
1249 511 1401 546 Lacone

137 575 281 625 petivit,
299 575 490 618 simulans,
507 589 545 612 se
564 576 652 611 dare
667 588 827 624 operam,
845 580 889 611 ut
904 573 1199 611 Lacedaemoniis
1214 587 1302 610 curn
1316 587 1401 621 rege

137 639 362 682 conveniret,
387 652 425 675 re
449 645 578 675 autem
600 652 690 675 vera
719 639 766 675 ad
793 638 917 687 copias
945 638 1238 686 comparandas;
1268 650 1402 686 easque

136 701 354 750 impetravit
382 702 595 738 trimestres.
653 704 688 737 4.
720 702 746 738 J
749 702 877 738 uravit
906 707 1036 737 autem
1064 708 1230 749 uterque,
1261 714 1297 737 se
1326 700 1402 736 sine

137 763 220 801 dolo
239 764 409 801 inducias
431 771 751 801 conservaturum.
809 765 857 801 In
875 778 951 813 qua
970 764 1142 813 pactione
1162 777 1312 800 summa
1330 762 1403 799 fide

137 828 277 864 mansit
292 828 492 876 Agesilaus
508 841 515 872 ;
542 834 671 864 contra
690 842 735 864 ea
755 828 1023 876 Tissaphernes
1042 828 1137 863 nihil
1157 827 1270 869 aliud,
1287 839 1404 875 quam

136 890 279 927 bellum
294 891 538 940 comparavit.
595 891 641 927 Id
657 891 724 927 etsi
745 890 930 927 sentiebat
945 891 1060 933 Laco,
1077 897 1206 927 tamen
1216 890 1404 938 jusjuran-

138 952 230 991 dum
258 954 443 998 servabat,
468 955 708 1003 multumque
730 954 769 990 in
795 968 837 990 eo
865 967 902 990 se
931 954 1103 1001 consequi
1126 954 1283 996 djcebat,
1308 951 1405 1001 quod

139 1017 406 1066 Tissaphernes
428 1018 588 1066 perjurio
609 1031 673 1053 suo
693 1023 731 1052 et
750 1017 919 1053 homines
938 1017 1014 1053 suis
1034 1017 1142 1053 rebus
1163 1015 1404 1059 abalienaret,

138 1086 176 1116 et
199 1079 284 1117 deos
307 1080 376 1116 sibi
403 1080 515 1116 iratos
538 1078 728 1124 redderet;
759 1093 797 1116 se
827 1085 956 1116 autem
985 1085 1204 1115 conservata
1231 1079 1406 1127 religione

139 1143 357 1180 confirmare
376 1144 595 1186 exercitum,
613 1157 730 1192 quum
750 1141 1076 1185 animadverteret,
1093 1143 1246 1178 deorum
1264 1155 1406 1178 numen

137 1207 259 1244 facere
281 1220 419 1250 secum,
440 1207 682 1255 hominesque
701 1206 770 1243 sibi
790 1206 986 1242 conciliare
1010 1205 1212 1248 amiciores,
1234 1205 1331 1254 quod
1349 1205 1407 1241 his

137 1268 286 1307 studere
306 1275 551 1313 consuessent,
573 1282 662 1318 quos
682 1282 899 1306 conservare
918 1267 1032 1305 fidem
1051 1267 1232 1305 viderent.

581 1449 823 1486 CAPUT
861 1449 961 1486 ΙΙΙ.

193 1527 226 1560 1.
250 1524 461 1568 POSTQUAM
483 1522 720 1561 induciarum
740 1524 917 1573 praeteriit
936 1523 1023 1568 dies,
1039 1523 1232 1568 barbarus,
1250 1538 1324 1561 non
1343 1525 1406 1562 du-

137 1585 274 1630 bitans,
298 1586 395 1636 quod
417 1587 532 1636 ipsius
560 1594 668 1624 erant
695 1588 859 1636 plurima
886 1586 1075 1624 domicilia
1101 1588 1141 1624 in
1164 1588 1280 1624 Caria
1301 1594 1339 1624 et
1362 1601 1408 1624 ea

138 1650 237 1698 regio
251 1650 310 1686 hjs
325 1650 553 1699 temporibus
568 1651 688 1686 multo
703 1649 911 1698 putabatur
925 1651 1226 1699 locupletissima,
1241 1664 1282 1686 eo
1297 1650 1407 1699 potis-

138 1714 277 1750 simum
300 1714 423 1750 hostes
445 1714 631 1762 impetum
654 1713 827 1756 facturos,
848 1726 975 1749 omnes
1004 1727 1089 1749 suas
1116 1713 1239 1762 copias
1262 1727 1303 1749 eo
1326 1727 1407 1750 con-

138 1784 317 1815 traxerat.
371 1780 405 1813 2.
429 1778 484 1814 At
498 1777 696 1825 Agesilaus
711 1777 750 1813 in
765 1777 973 1825 Phrygiam
988 1790 1025 1813 se
1041 1777 1233 1822 convertit,
1248 1789 1410 1825 eamque

138 1840 240 1890 prius
262 1841 509 1889 depopulatus
531 1846 597 1883 est,
619 1853 734 1888 quam
753 1840 1022 1888 Tissaphernes
1044 1853 1203 1888 usquam
1225 1853 1263 1876 se
1285 1853 1408 1876 move-

138 1909 206 1940 ret.
264 1903 412 1951 Magna
433 1903 559 1952 praeda
579 1902 764 1940 militibus
785 1903 1031 1951 locupletatis,
1050 1903 1246 1952 Ephesum
1268 1903 1409 1939 hiema-

138 1972 222 2004 tum
237 1967 443 2004 exereitum
461 1965 618 2010 reduxit,
637 1972 749 2015 atque
764 1965 815 2003 ibi
830 1966 986 2003 officinis
1006 1980 1196 2003 armorum
1215 1966 1407 2010 institutis,

138 2043 280 2078 magna
294 2028 477 2066 industria
490 2029 633 2066 bellum
649 2030 860 2079 apparavit.
917 2030 972 2066 Et
988 2043 1058 2078 quo
1075 2028 1273 2066 studiosius
1288 2042 1408 2066 arma-

139 2100 267 2130 rentur
285 2093 536 2142 insigniusque
555 2099 785 2136 ornarentur,
805 2093 959 2142 praemia
978 2093 1176 2141 proposuit,
1197 2092 1330 2141 quibus
1350 2091 1407 2128 do-

139 2163 328 2200 narentur,
342 2170 501 2205 quorum
515 2156 664 2204 egregia
678 2156 717 2192 in
733 2170 777 2193 ea
792 2169 830 2192 re
846 2156 973 2193 fuisset
988 2156 1182 2192 industria.
1240 2158 1274 2192 3.
1301 2155 1408 2192 Fecit

140 2218 240 2256 idem
264 2219 304 2256 in
332 2220 644 2256 exercitationum
672 2219 877 2267 generibus,
901 2226 956 2262 ut,
977 2220 1041 2268 qui
1068 2220 1197 2256 ceteris
1222 2219 1406 2268 praestitis·

141 2271 234 2325 sent,
248 2295 308 2318 eos
321 2283 468 2329 magnis
484 2282 650 2319 afficeret
664 2282 892 2319 muneribus.
937 2283 1009 2319 His
1024 2283 1138 2329 igitur
1152 2283 1260 2318 rebus
1275 2281 1405 2324 effecit,

140 2351 185 2382 ut
207 2350 245 2381 et
267 2344 546 2381 ornatissimum
569 2350 606 2380 et
635 2344 987 2381 exercitatissimum
1009 2344 1165 2381 haberet
1188 2344 1407 2382 exercitum.

142 2411 178 2445 4.
204 2407 307 2444 Huic
322 2420 439 2456 quum
453 2413 602 2456 tempus
621 2413 715 2443 esset
730 2406 864 2449 visum,
882 2407 1004 2464 copias
1019 2408 1213 2444 extrahere
1228 2420 1275 2444 ex
1289 2406 1408 2444 hiber-

141 2470 298 2513 naculis,
311 2468 418 2514 vidit,
435 2470 477 2514 si,
491 2483 562 2520 quo
581 2475 676 2507 esset
695 2469 766 2506 iter
780 2469 957 2513 facturus,
975 2471 1102 2519 palam
1120 2470 1406 2520 pronuntiasset.

729 2536 766 2572 D
790 2537 813 2570 2
