1575 2771
106 211 145 256 3,
165 208 226 264 4.]
648 224 687 250 x.
722 225 834 251 mou.
1321 220 1374 256 47

103 310 269 348 amieiun
288 325 362 348 non
381 312 503 361 magis
523 320 691 363 tyranno,
709 327 825 363 quam
844 313 1044 364 tyrannidi.
1096 315 1169 352 Sed
1184 316 1229 353 de
1248 316 1319 354 hoc
1338 318 1376 355 in

103 387 145 411 eo
172 388 256 412 meo
283 374 377 412 libro
404 377 516 426 plura
543 383 631 414 sunt
659 378 837 427 exposita,
863 378 926 428 qui
954 377 999 415 de
1026 378 1210 416 historicis
1234 380 1378 418 Graeeis

102 438 333 488 conscriptus
360 446 426 477 est.
485 442 520 477 3.
551 441 664 478 Plato
693 448 822 478 autem
851 448 1005 479 tantum
1029 441 1130 493 apud
1153 443 1377 494 Dionysium

102 501 326 539 auctoritate
348 503 473 552 potuit
491 504 686 553 valuitque
710 505 932 554 eloquentia,
953 512 996 543 ut
1019 506 1053 543 ei
1075 508 1299 556 persuaserit
1322 515 1378 559 ty-

102 565 267 603 rannidjs
289 567 410 605 facere
433 567 548 605 finem
570 567 861 618 libertatemque
881 568 1033 607 reddere
1055 571 1324 621 Syracusanis:
1355 587 1378 610 a

99 643 175 678 qua
192 631 391 668 voluntate
409 631 561 669 Philisti
584 632 734 670 consilio
757 633 955 671 deterritus
979 634 1172 684 aliquanto
1196 635 1378 675 crudelior

99 706 177 731 esse
197 694 319 744 coepit.

555 879 799 918 CAPUT
838 882 920 918 1v‚

155 958 187 991 1.
213 954 289 999 QUI
308 953 460 1003 quidem
480 968 599 1003 quum
623 969 645 991 a
665 955 786 992 Dione
807 970 844 992 se
864 949 1031 1005 superari
1051 957 1195 995 videret
1214 959 1372 1007 ingenio,

99 1018 333 1061 auctoritate,
356 1031 482 1054 amore
500 1018 638 1067 populi,
656 1032 798 1062 verens,
821 1033 878 1062 ne,
901 1020 931 1056 si
951 1034 1039 1057 eum
1059 1034 1186 1058 seeum
1205 1023 1372 1067 haberet,

97 1081 264 1130 aliquam
279 1080 510 1118 occasionem
526 1081 583 1117 sui
599 1081 705 1118 daret
720 1082 963 1131 opprimendi,
978 1098 1116 1122 navem
1132 1085 1165 1122 ei
1180 1086 1373 1124 triremem

95 1143 209 1189 dedit,
233 1159 308 1194 qua
332 1145 561 1182 Corinthum
585 1144 855 1184 deveheretur:
887 1148 1093 1192 ostendens,
1119 1162 1156 1186 se
1179 1148 1217 1186 id
1240 1150 1373 1187 utrius-

95 1223 166 1259 que
185 1209 307 1246 sacere
330 1223 455 1254 causa,
476 1224 534 1254 ne,
556 1224 676 1260 quum
696 1210 794 1247 inter
814 1224 851 1247 se
870 1211 1058 1256 timerent,
1082 1213 1263 1250 alteruter
1283 1215 1373 1251 alte-

95 1286 182 1310 rum
209 1280 498 1324 praeoccuparet.
557 1277 592 1311 2.
625 1273 672 1311 Id
694 1288 811 1323 quum
834 1274 979 1312 factum
1002 1277 1114 1313 multi
1137 1275 1372 1325 indignaren-

95 1343 157 1374 tur
175 1350 395 1387 magnaeque
415 1345 510 1375 esset
529 1337 678 1375 invidiae
694 1344 854 1388 tyranno
872 1352 878 1376 z
910 1339 1112 1389 Dionysius
1130 1341 1268 1385 omnia,
1291 1355 1372 1390 quae

94 1401 236 1438 moveri
255 1408 428 1451 poterant
447 1402 590 1445 Dionis,
613 1402 652 1439 in
670 1416 787 1439 naves
809 1402 986 1452 imposuit
1010 1404 1057 1440 ad
1077 1417 1236 1454 eumque
1255 1405 1368 1443 misit.

96 1465 160 1502 Sic
178 1465 280 1502 enim
299 1466 507 1503 existimari
522 1466 673 1503 volebat
690 1479 696 1503 :
726 1464 765 1503 id
784 1480 821 1503 se
841 1480 915 1503 non
930 1466 1012 1504 odio
1028 1468 1199 1513 hominis,
1218 1467 1280 1506 sed
1296 1483 1371 1507 suae

94 1529 226 1567 salutis
244 1529 372 1567 fecisse
395 1544 521 1567 causa.
579 1533 615 1567 3.
646 1531 785 1567 Postea
804 1544 891 1568 vero
911 1545 1027 1580 quam
1048 1532 1204 1577 audivit,
1225 1547 1313 1571 eum
1332 1534 1372 1572 in

94 1593 346 1642 Peloponneso
361 1607 520 1631 manum
535 1608 752 1643 comparare
772 1594 913 1644 sibique
928 1596 1071 1632 bellum
1086 1596 1207 1633 facere
1223 1598 1368 1635 conari:

95 1657 248 1700 Areten,
267 1657 400 1693 Dionis
418 1671 583 1700 uxorem,
607 1657 670 1694 alii
689 1664 852 1706 nuptum
872 1657 985 1702 dedit,
1006 1659 1201 1708 filiumque
1220 1661 1300 1708 ejus
1319 1661 1370 1698 sic

94 1720 246 1757 educari
268 1721 390 1769 jussit,
415 1727 458 1757 ut
483 1719 708 1769 indulgendo
732 1721 954 1770 turpissimis
978 1722 1209 1761 imbueretur
1231 1724 1370 1774 eupidi-

94 1786 247 1823 tatibus.
305 1789 341 1822 4.
373 1786 479 1822 Nam
499 1799 591 1835 puer
605 1785 691 1822 vino
711 1786 903 1835 epulisque
923 1785 1160 1832 obruebatur,
1176 1802 1297 1838 neque
1316 1790 1369 1826 ul-

94 1851 174 1887 lum
197 1856 346 1900 ternpus
366 1850 483 1887 sobrio
506 1849 795 1899 relinquebatur.
854 1852 889 1886 5.
920 1850 959 1887 Is
982 1864 1098 1900 usque
1121 1865 1162 1888 eo
1185 1852 1274 1889 vitae
1297 1859 1368 1890 sta-

93 1920 178 1951 tum
211 1920 489 1952 commutatum
519 1913 612 1951 serre
641 1927 717 1951 non
743 1914 877 1963 potuit,
907 1922 1107 1964 postquam
1134 1916 1174 1953 in
1200 1917 1367 1966 patriam

93 1978 202 2015 rediit
221 1984 330 2028 pater
344 1976 524 2028 (namque
545 1978 704 2027 appositi
724 1985 831 2015 erant
851 1978 1030 2023 custodes,
1049 1980 1111 2028 qui
1131 1994 1218 2018 eum
1238 1995 1261 2019 a
1279 1982 1368 2032 pris·

93 2041 171 2079 tino
190 2041 297 2079 victu
316 2040 569 2093 deducerent),
590 2048 633 2079 ut
653 2056 691 2078 se
711 2043 755 2079 de
775 2043 960 2092 superiore
982 2049 1090 2093 parte
1113 2045 1251 2084 aedium
1273 2047 1368 2096 deje-

93 2105 196 2151 cerit,
217 2112 331 2156 atque
350 2106 406 2144 ita
423 2106 618 2144 interierit.
677 2104 752 2144 Sed
770 2106 861 2144 illuc
882 2114 1058 2147 revertor.
