<?xml version="1.0" encoding="UTF-8"?>
<!DOCTYPE html PUBLIC "-//W3C//DTD XHTML 1.0 Transitional//EN"
    "http://www.w3.org/TR/xhtml1/DTD/xhtml1-transitional.dtd">
<html xmlns="http://www.w3.org/1999/xhtml" xml:lang="en" lang="en">
 <head>
  <title>
</title>
<meta http-equiv="Content-Type" content="text/html;charset=utf-8" />
  <meta name='ocr-system' content='tesseract 3.04.00' />
  <meta name='ocr-capabilities' content='ocr_page ocr_carea ocr_par ocr_line ocrx_word'/>
</head>
<body>
  <div class='ocr_page' id='page_1' title='image "./corneliusnepo00nepouoft_0027.png"; bbox 0 0 1575 2771; ppageno 0'>
   <div class='ocr_carea' id='block_1_1' title="bbox 173 190 1428 246">
    <p class='ocr_par' dir='ltr' id='par_1_1' title="bbox 173 190 1428 246">
     <span class='ocr_line' id='line_1_1' title="bbox 173 190 1428 246; baseline -0.004 -15"><span class='ocrx_word' id='word_1_1' title='bbox 173 197 212 238; x_wconf 84' lang='lat'>4,</span> <span class='ocrx_word' id='word_1_2' title='bbox 233 190 294 246; x_wconf 90' lang='lat'>5.]</span> <span class='ocrx_word' id='word_1_3' title='bbox 619 203 660 228; x_wconf 87' lang='lat'>11.</span> <span class='ocrx_word' id='word_1_4' title='bbox 693 202 1023 229; x_wconf 67' lang='lat' dir='ltr'>Timmsrocnsss.</span> <span class='ocrx_word' id='word_1_5' title='bbox 1383 195 1428 231; x_wconf 89' lang='lat'>11</span> 
     </span>
    </p>
   </div>
   <div class='ocr_carea' id='block_1_2' title="bbox 170 291 1434 458">
    <p class='ocr_par' dir='ltr' id='par_1_2' title="bbox 170 291 1434 458">
     <span class='ocr_line' id='line_1_2' title="bbox 171 291 1434 342; baseline 0.001 -12"><span class='ocrx_word' id='word_1_6' title='bbox 171 292 322 342; x_wconf 86' lang='lat' dir='ltr'>ancipiti</span> <span class='ocrx_word' id='word_1_7' title='bbox 352 298 609 342; x_wconf 82' lang='lat' dir='ltr'><strong>premerentur</strong></span> <span class='ocrx_word' id='word_1_8' title='bbox 636 291 810 341; x_wconf 89' lang='lat' dir='ltr'>periculo.</span> <span class='ocrx_word' id='word_1_9' title='bbox 867 294 903 328; x_wconf 88' lang='grc'>4.</span> <span class='ocrx_word' id='word_1_10' title='bbox 934 291 1019 336; x_wconf 78' lang='lat' dir='ltr'>Quo</span> <span class='ocrx_word' id='word_1_11' title='bbox 1047 291 1191 328; x_wconf 83' lang='lat' dir='ltr'>factum</span> <span class='ocrx_word' id='word_1_12' title='bbox 1219 299 1284 336; x_wconf 86' lang='lat' dir='ltr'>est,</span> <span class='ocrx_word' id='word_1_13' title='bbox 1314 300 1358 330; x_wconf 91' lang='lat' dir='ltr'>ut</span> <span class='ocrx_word' id='word_1_14' title='bbox 1386 293 1434 331; x_wconf 86' lang='lat' dir='ltr'>ab</span> 
     </span>
     <span class='ocr_line' id='line_1_3' title="bbox 170 354 1434 405; baseline 0 -11"><span class='ocrx_word' id='word_1_15' title='bbox 170 357 374 394; x_wconf 84' lang='lat' dir='ltr'>Artemisio</span> <span class='ocrx_word' id='word_1_16' title='bbox 402 354 641 399; x_wconf 77' lang='lat' dir='ltr'><strong>discederent,</strong></span> <span class='ocrx_word' id='word_1_17' title='bbox 664 361 702 392; x_wconf 90' lang='lat' dir='ltr'>et</span> <span class='ocrx_word' id='word_1_18' title='bbox 731 354 979 392; x_wconf 78' lang='lat' dir='ltr'>exadversum</span> <span class='ocrx_word' id='word_1_19' title='bbox 1003 355 1176 392; x_wconf 81' lang='lat' dir='ltr'><strong>Athenas</strong></span> <span class='ocrx_word' id='word_1_20' title='bbox 1204 355 1306 405; x_wconf 87' lang='lat' dir='ltr'>apud</span> <span class='ocrx_word' id='word_1_21' title='bbox 1330 357 1434 394; x_wconf 80' lang='lat' dir='ltr'>Sala-</span> 
     </span>
     <span class='ocr_line' id='line_1_4' title="bbox 170 419 875 458; baseline -0.004 0"><span class='ocrx_word' id='word_1_22' title='bbox 170 420 275 458; x_wconf 85' lang='lat' dir='ltr'>mina</span> <span class='ocrx_word' id='word_1_23' title='bbox 293 420 451 457; x_wconf 79' lang='lat' dir='ltr'>classem</span> <span class='ocrx_word' id='word_1_24' title='bbox 469 433 578 457; x_wconf 90' lang='lat' dir='ltr'>suam</span> <span class='ocrx_word' id='word_1_25' title='bbox 597 419 875 456; x_wconf 78' lang='lat' dir='ltr'>constituerent.</span> 
     </span>
    </p>
   </div>
   <div class='ocr_carea' id='block_1_3' title="bbox 725 530 880 535">
    <p class='ocr_par' dir='ltr' id='par_1_3' title="bbox 725 530 880 535">
     <span class='ocr_line' id='line_1_5' title="bbox 725 530 880 535; baseline 0 0"><span class='ocrx_word' id='word_1_26' title='bbox 725 530 880 535; x_wconf 95' lang='lat' dir='ltr'> </span> 
     </span>
    </p>
   </div>
   <div class='ocr_carea' id='block_1_4' title="bbox 621 603 982 641">
    <p class='ocr_par' dir='ltr' id='par_1_4' title="bbox 621 603 982 641">
     <span class='ocr_line' id='line_1_6' title="bbox 621 603 982 641; baseline 0.003 -1"><span class='ocrx_word' id='word_1_27' title='bbox 621 603 863 640; x_wconf 88' lang='lat' dir='ltr'>CAPUT</span> <span class='ocrx_word' id='word_1_28' title='bbox 902 604 982 641; x_wconf 91' lang='lat' dir='ltr'>IV.</span> 
     </span>
    </p>
   </div>
   <div class='ocr_carea' id='block_1_5' title="bbox 167 678 1436 1932">
    <p class='ocr_par' dir='ltr' id='par_1_5' title="bbox 167 678 1436 1932">
     <span class='ocr_line' id='line_1_7' title="bbox 225 678 1434 729; baseline 0.004 -15"><span class='ocrx_word' id='word_1_29' title='bbox 225 683 257 715; x_wconf 89' lang='lat'>1.</span> <span class='ocrx_word' id='word_1_30' title='bbox 288 679 350 715; x_wconf 81' lang='lat' dir='ltr'>AT</span> <span class='ocrx_word' id='word_1_31' title='bbox 369 678 525 721; x_wconf 80' lang='lat' dir='ltr'>Xerxes,</span> <span class='ocrx_word' id='word_1_32' title='bbox 548 678 810 727; x_wconf 84' lang='lat' dir='ltr'>Thermopylis</span> <span class='ocrx_word' id='word_1_33' title='bbox 833 679 1068 727; x_wconf 79' lang='lat' dir='ltr'>expugnatis,</span> <span class='ocrx_word' id='word_1_34' title='bbox 1089 680 1257 729; x_wconf 85' lang='lat' dir='ltr'>protinus</span> <span class='ocrx_word' id='word_1_35' title='bbox 1281 682 1434 719; x_wconf 83' lang='lat' dir='ltr'>accessit</span> 
     </span>
     <span class='ocr_line' id='line_1_8' title="bbox 168 739 1434 794; baseline 0.003 -16"><span class='ocrx_word' id='word_1_36' title='bbox 168 747 264 785; x_wconf 81' lang='lat' dir='ltr'>astu,</span> <span class='ocrx_word' id='word_1_37' title='bbox 277 739 398 790; x_wconf 89' lang='lat' dir='ltr'>idque,</span> <span class='ocrx_word' id='word_1_38' title='bbox 415 741 527 777; x_wconf 88' lang='lat' dir='ltr'>nullis</span> <span class='ocrx_word' id='word_1_39' title='bbox 543 739 835 785; x_wconf 83' lang='lat' dir='ltr'>defendentibus,</span> <span class='ocrx_word' id='word_1_40' title='bbox 850 742 1054 779; x_wconf 87' lang='lat' dir='ltr'>interfectis</span> <span class='ocrx_word' id='word_1_41' title='bbox 1071 743 1331 788; x_wconf 84' lang='lat' dir='ltr'>sacerdotibus,</span> <span class='ocrx_word' id='word_1_42' title='bbox 1345 759 1434 794; x_wconf 86' lang='lat' dir='ltr'>quos</span> 
     </span>
     <span class='ocr_line' id='line_1_9' title="bbox 168 803 1434 856; baseline 0.002 -15"><span class='ocrx_word' id='word_1_43' title='bbox 168 804 208 842; x_wconf 89' lang='lat' dir='ltr'>in</span> <span class='ocrx_word' id='word_1_44' title='bbox 230 818 314 841; x_wconf 84' lang='lat' dir='ltr'>arce</span> <span class='ocrx_word' id='word_1_45' title='bbox 337 805 541 847; x_wconf 83' lang='lat' dir='ltr'>invenerat,</span> <span class='ocrx_word' id='word_1_46' title='bbox 562 803 731 840; x_wconf 82' lang='lat' dir='ltr'>incendio</span> <span class='ocrx_word' id='word_1_47' title='bbox 754 803 903 841; x_wconf 85' lang='lat' dir='ltr'>delevit.</span> <span class='ocrx_word' id='word_1_48' title='bbox 962 808 996 841; x_wconf 72' lang='lat'>2.</span> <span class='ocrx_word' id='word_1_49' title='bbox 1030 806 1149 854; x_wconf 80' lang='lat' dir='ltr'>Cujus</span> <span class='ocrx_word' id='word_1_50' title='bbox 1172 807 1275 844; x_wconf 79' lang='lat' dir='ltr'>fama</span> <span class='ocrx_word' id='word_1_51' title='bbox 1296 814 1434 856; x_wconf 89' lang='lat' dir='ltr'>perter-</span> 
     </span>
     <span class='ocr_line' id='line_1_10' title="bbox 169 867 1434 918; baseline 0.002 -13"><span class='ocrx_word' id='word_1_52' title='bbox 169 868 231 905; x_wconf 84' lang='lat' dir='ltr'>riti</span> <span class='ocrx_word' id='word_1_53' title='bbox 253 868 431 904; x_wconf 86' lang='lat' dir='ltr'>classiarii</span> <span class='ocrx_word' id='word_1_54' title='bbox 455 881 571 916; x_wconf 86' lang='lat' dir='ltr'>quum</span> <span class='ocrx_word' id='word_1_55' title='bbox 593 881 745 904; x_wconf 85' lang='lat' dir='ltr'>manere</span> <span class='ocrx_word' id='word_1_56' title='bbox 767 881 841 904; x_wconf 89' lang='lat' dir='ltr'>non</span> <span class='ocrx_word' id='word_1_57' title='bbox 865 867 1057 912; x_wconf 79' lang='lat' dir='ltr'>auderent,</span> <span class='ocrx_word' id='word_1_58' title='bbox 1076 876 1113 906; x_wconf 86' lang='lat' dir='ltr'>ct</span> <span class='ocrx_word' id='word_1_59' title='bbox 1136 871 1286 918; x_wconf 83' lang='lat' dir='ltr'>plurimi</span> <span class='ocrx_word' id='word_1_60' title='bbox 1310 872 1434 907; x_wconf 86' lang='lat' dir='ltr'>horta-</span> 
     </span>
     <span class='ocr_line' id='line_1_11' title="bbox 168 930 1434 981; baseline 0.001 -12"><span class='ocrx_word' id='word_1_61' title='bbox 168 938 308 975; x_wconf 86' lang='lat' dir='ltr'>rentur,</span> <span class='ocrx_word' id='word_1_62' title='bbox 337 937 381 968; x_wconf 86' lang='lat' dir='ltr'>ut</span> <span class='ocrx_word' id='word_1_63' title='bbox 409 930 536 967; x_wconf 86' lang='lat' dir='ltr'>domos</span> <span class='ocrx_word' id='word_1_64' title='bbox 564 944 650 967; x_wconf 83' lang='lat' dir='ltr'>suas</span> <span class='ocrx_word' id='word_1_65' title='bbox 677 931 830 979; x_wconf 87' lang='lat' dir='ltr'>quisque</span> <span class='ocrx_word' id='word_1_66' title='bbox 858 930 1085 968; x_wconf 84' lang='lat' dir='ltr'>discederent</span> <span class='ocrx_word' id='word_1_67' title='bbox 1113 933 1368 981; x_wconf 85' lang='lat' dir='ltr'>moenibusque</span> <span class='ocrx_word' id='word_1_68' title='bbox 1397 948 1434 970; x_wconf 90' lang='lat' dir='ltr'>se</span> 
     </span>
     <span class='ocr_line' id='line_1_12' title="bbox 171 993 1434 1045; baseline 0.002 -14"><span class='ocrx_word' id='word_1_69' title='bbox 171 993 410 1031; x_wconf 85' lang='lat' dir='ltr'>defenderent</span> <span class='ocrx_word' id='word_1_70' title='bbox 429 1006 436 1030; x_wconf 88' lang='lat'>:</span> <span class='ocrx_word' id='word_1_71' title='bbox 467 993 741 1029; x_wconf 88' lang='lat' dir='ltr'>Themistocles</span> <span class='ocrx_word' id='word_1_72' title='bbox 763 1007 859 1029; x_wconf 88' lang='lat' dir='ltr'>unus</span> <span class='ocrx_word' id='word_1_73' title='bbox 882 994 1029 1038; x_wconf 82' lang='lat' dir='ltr'>restitit,</span> <span class='ocrx_word' id='word_1_74' title='bbox 1055 1001 1092 1031; x_wconf 85' lang='lat' dir='ltr'>et</span> <span class='ocrx_word' id='word_1_75' title='bbox 1115 996 1305 1033; x_wconf 84' lang='lat' dir='ltr'>universos</span> <span class='ocrx_word' id='word_1_76' title='bbox 1327 1011 1434 1045; x_wconf 85' lang='lat' dir='ltr'>pares</span> 
     </span>
     <span class='ocr_line' id='line_1_13' title="bbox 168 1056 1434 1110; baseline 0.001 -14"><span class='ocrx_word' id='word_1_77' title='bbox 168 1072 245 1097; x_wconf 87' lang='lat' dir='ltr'>esse</span> <span class='ocrx_word' id='word_1_78' title='bbox 263 1072 366 1108; x_wconf 87' lang='lat' dir='ltr'>posse</span> <span class='ocrx_word' id='word_1_79' title='bbox 389 1058 525 1101; x_wconf 87' lang='lat' dir='ltr'>aicbat,</span> <span class='ocrx_word' id='word_1_80' title='bbox 547 1056 726 1106; x_wconf 84' lang='lat' dir='ltr'>dispersos</span> <span class='ocrx_word' id='word_1_81' title='bbox 744 1057 956 1094; x_wconf 78' lang='lat' dir='ltr'>testabatur</span> <span class='ocrx_word' id='word_1_82' title='bbox 975 1058 1167 1107; x_wconf 86' lang='lat' dir='ltr'>perituros,</span> <span class='ocrx_word' id='word_1_83' title='bbox 1185 1058 1294 1108; x_wconf 80' lang='lat' dir='ltr'>idque</span> <span class='ocrx_word' id='word_1_84' title='bbox 1314 1061 1434 1110; x_wconf 87' lang='lat' dir='ltr'>Eury-</span> 
     </span>
     <span class='ocr_line' id='line_1_14' title="bbox 168 1119 1434 1172; baseline 0.001 -13"><span class='ocrx_word' id='word_1_85' title='bbox 168 1121 279 1166; x_wconf 85' lang='lat' dir='ltr'>biadi,</span> <span class='ocrx_word' id='word_1_86' title='bbox 302 1122 382 1169; x_wconf 82' lang='lat' dir='ltr'>regi</span> <span class='ocrx_word' id='word_1_87' title='bbox 401 1119 783 1164; x_wconf 64' lang='lat' dir='ltr'>Lacedaemoniorum,</span> <span class='ocrx_word' id='word_1_88' title='bbox 806 1121 869 1169; x_wconf 90' lang='lat' dir='ltr'>qui</span> <span class='ocrx_word' id='word_1_89' title='bbox 892 1128 977 1158; x_wconf 88' lang='lat' dir='ltr'>tum</span> <span class='ocrx_word' id='word_1_90' title='bbox 1001 1135 1156 1158; x_wconf 71' lang='lat' dir='ltr'>summae</span> <span class='ocrx_word' id='word_1_91' title='bbox 1180 1122 1326 1171; x_wconf 88' lang='lat' dir='ltr'>imperii</span> <span class='ocrx_word' id='word_1_92' title='bbox 1345 1137 1434 1172; x_wconf 81' lang='lat' dir='ltr'>prae-</span> 
     </span>
     <span class='ocr_line' id='line_1_15' title="bbox 168 1184 1432 1234; baseline 0 -11"><span class='ocrx_word' id='word_1_93' title='bbox 168 1192 260 1230; x_wconf 84' lang='lat' dir='ltr'>erat,</span> <span class='ocrx_word' id='word_1_94' title='bbox 282 1186 356 1222; x_wconf 84' lang='lat' dir='ltr'>fore</span> <span class='ocrx_word' id='word_1_95' title='bbox 377 1184 604 1222; x_wconf 81' lang='lat' dir='ltr'>affirmabat.</span> <span class='ocrx_word' id='word_1_96' title='bbox 663 1187 698 1221; x_wconf 83' lang='lat'>3.</span> <span class='ocrx_word' id='word_1_97' title='bbox 730 1184 855 1229; x_wconf 83' lang='lat' dir='ltr'>Quem</span> <span class='ocrx_word' id='word_1_98' title='bbox 874 1199 991 1234; x_wconf 85' lang='lat' dir='ltr'>quum</span> <span class='ocrx_word' id='word_1_99' title='bbox 1013 1185 1147 1229; x_wconf 85' lang='lat' dir='ltr'>minus,</span> <span class='ocrx_word' id='word_1_100' title='bbox 1170 1200 1286 1234; x_wconf 81' lang='lat' dir='ltr'>quam</span> <span class='ocrx_word' id='word_1_101' title='bbox 1305 1188 1432 1230; x_wconf 84' lang='lat' dir='ltr'>vellet,</span> 
     </span>
     <span class='ocr_line' id='line_1_16' title="bbox 168 1246 1434 1296; baseline 0 -10"><span class='ocrx_word' id='word_1_102' title='bbox 168 1255 346 1292; x_wconf 87' lang='lat' dir='ltr'>moveret,</span> <span class='ocrx_word' id='word_1_103' title='bbox 367 1255 481 1285; x_wconf 91' lang='lat' dir='ltr'>noctu</span> <span class='ocrx_word' id='word_1_104' title='bbox 501 1246 546 1285; x_wconf 87' lang='lat' dir='ltr'>de</span> <span class='ocrx_word' id='word_1_105' title='bbox 569 1248 683 1285; x_wconf 90' lang='lat' dir='ltr'>servis</span> <span class='ocrx_word' id='word_1_106' title='bbox 705 1248 791 1291; x_wconf 88' lang='lat' dir='ltr'>suis,</span> <span class='ocrx_word' id='word_1_107' title='bbox 813 1261 924 1296; x_wconf 90' lang='lat' dir='ltr'>quem</span> <span class='ocrx_word' id='word_1_108' title='bbox 943 1248 1077 1285; x_wconf 81' lang='lat' dir='ltr'>habuit</span> <span class='ocrx_word' id='word_1_109' title='bbox 1095 1248 1364 1293; x_wconf 85' lang='lat' dir='ltr'>fidelissimum,</span> <span class='ocrx_word' id='word_1_110' title='bbox 1387 1248 1434 1286; x_wconf 84' lang='lat' dir='ltr'>ad</span> 
     </span>
     <span class='ocr_line' id='line_1_17' title="bbox 167 1312 1435 1363; baseline 0.001 -12"><span class='ocrx_word' id='word_1_111' title='bbox 167 1327 293 1362; x_wconf 84' lang='lat' dir='ltr'>regem</span> <span class='ocrx_word' id='word_1_112' title='bbox 315 1313 428 1356; x_wconf 87' lang='lat' dir='ltr'>misit,</span> <span class='ocrx_word' id='word_1_113' title='bbox 450 1319 494 1349; x_wconf 89' lang='lat' dir='ltr'>ut</span> <span class='ocrx_word' id='word_1_114' title='bbox 513 1312 547 1349; x_wconf 87' lang='lat' dir='ltr'>ei</span> <span class='ocrx_word' id='word_1_115' title='bbox 565 1313 758 1349; x_wconf 83' lang='lat' dir='ltr'>nuntiaret</span> <span class='ocrx_word' id='word_1_116' title='bbox 778 1313 852 1350; x_wconf 89' lang='lat' dir='ltr'>suis</span> <span class='ocrx_word' id='word_1_117' title='bbox 871 1314 992 1350; x_wconf 89' lang='lat' dir='ltr'>verbis</span> <span class='ocrx_word' id='word_1_118' title='bbox 1013 1326 1019 1350; x_wconf 88' lang='lat'><strong>:</strong></span> <span class='ocrx_word' id='word_1_119' title='bbox 1051 1312 1279 1351; x_wconf 82' lang='lat' dir='ltr'>adversarios</span> <span class='ocrx_word' id='word_1_120' title='bbox 1299 1315 1377 1363; x_wconf 89' lang='lat' dir='ltr'>ejus</span> <span class='ocrx_word' id='word_1_121' title='bbox 1395 1315 1435 1352; x_wconf 92' lang='lat' dir='ltr'>in</span> 
     </span>
     <span class='ocr_line' id='line_1_18' title="bbox 167 1375 1435 1426; baseline 0.002 -12"><span class='ocrx_word' id='word_1_122' title='bbox 167 1377 258 1425; x_wconf 83' lang='lat' dir='ltr'>fuga</span> <span class='ocrx_word' id='word_1_123' title='bbox 283 1389 384 1413; x_wconf 89' lang='lat' dir='ltr'>esse:</span> <span class='ocrx_word' id='word_1_124' title='bbox 440 1379 477 1413; x_wconf 89' lang='grc'>4.</span> <span class='ocrx_word' id='word_1_125' title='bbox 508 1376 584 1421; x_wconf 80' lang='lat' dir='ltr'>Qui</span> <span class='ocrx_word' id='word_1_126' title='bbox 612 1376 642 1412; x_wconf 88' lang='lat' dir='ltr'>si</span> <span class='ocrx_word' id='word_1_127' title='bbox 669 1375 928 1420; x_wconf 75' lang='lat' dir='ltr'>discessissent,</span> <span class='ocrx_word' id='word_1_128' title='bbox 958 1378 1099 1426; x_wconf 85' lang='lat' dir='ltr'>majore</span> <span class='ocrx_word' id='word_1_129' title='bbox 1127 1392 1216 1414; x_wconf 86' lang='lat' dir='ltr'>cum</span> <span class='ocrx_word' id='word_1_130' title='bbox 1243 1378 1369 1415; x_wconf 80' lang='lat' dir='ltr'>labore</span> <span class='ocrx_word' id='word_1_131' title='bbox 1397 1385 1435 1416; x_wconf 88' lang='lat' dir='ltr'>et</span> 
     </span>
     <span class='ocr_line' id='line_1_19' title="bbox 167 1440 1435 1490; baseline 0.002 -14"><span class='ocrx_word' id='word_1_132' title='bbox 167 1440 421 1489; x_wconf 85' lang='lat' dir='ltr'>longinquiore</span> <span class='ocrx_word' id='word_1_133' title='bbox 454 1446 621 1489; x_wconf 88' lang='lat' dir='ltr'>tempore</span> <span class='ocrx_word' id='word_1_134' title='bbox 653 1440 795 1476; x_wconf 78' lang='lat' dir='ltr'>bellum</span> <span class='ocrx_word' id='word_1_135' title='bbox 829 1440 1096 1484; x_wconf 83' lang='lat' dir='ltr'>confecturum,</span> <span class='ocrx_word' id='word_1_136' title='bbox 1126 1455 1244 1490; x_wconf 87' lang='lat' dir='ltr'>quum</span> <span class='ocrx_word' id='word_1_137' title='bbox 1274 1442 1435 1490; x_wconf 84' lang='lat' dir='ltr'>singulos</span> 
     </span>
     <span class='ocr_line' id='line_1_20' title="bbox 168 1503 1435 1552; baseline 0.001 -11"><span class='ocrx_word' id='word_1_138' title='bbox 168 1504 372 1541; x_wconf 85' lang='lat' dir='ltr'>consectari</span> <span class='ocrx_word' id='word_1_139' title='bbox 394 1510 586 1552; x_wconf 82' lang='lat' dir='ltr'>cogeretur</span> <span class='ocrx_word' id='word_1_140' title='bbox 601 1516 609 1548; x_wconf 88' lang='lat'>;</span> <span class='ocrx_word' id='word_1_141' title='bbox 635 1517 724 1552; x_wconf 90' lang='lat' dir='ltr'>quos</span> <span class='ocrx_word' id='word_1_142' title='bbox 743 1504 772 1540; x_wconf 85' lang='lat' dir='ltr'>si</span> <span class='ocrx_word' id='word_1_143' title='bbox 792 1504 923 1540; x_wconf 88' lang='lat' dir='ltr'>statim</span> <span class='ocrx_word' id='word_1_144' title='bbox 943 1503 1219 1552; x_wconf 82' lang='lat' dir='ltr'>aggrederetur,</span> <span class='ocrx_word' id='word_1_145' title='bbox 1237 1506 1342 1542; x_wconf 89' lang='lat' dir='ltr'>brevi</span> <span class='ocrx_word' id='word_1_146' title='bbox 1356 1506 1435 1542; x_wconf 89' lang='lat' dir='ltr'>uni-</span> 
     </span>
     <span class='ocr_line' id='line_1_21' title="bbox 171 1567 1435 1618; baseline 0.002 -15"><span class='ocrx_word' id='word_1_147' title='bbox 171 1581 291 1604; x_wconf 89' lang='lat' dir='ltr'>versos</span> <span class='ocrx_word' id='word_1_148' title='bbox 309 1580 580 1616; x_wconf 90' lang='lat' dir='ltr'>oppressurum.</span> <span class='ocrx_word' id='word_1_149' title='bbox 637 1567 721 1604; x_wconf 90' lang='lat' dir='ltr'>Hoc</span> <span class='ocrx_word' id='word_1_150' title='bbox 741 1581 782 1604; x_wconf 89' lang='lat' dir='ltr'>eo</span> <span class='ocrx_word' id='word_1_151' title='bbox 802 1567 965 1611; x_wconf 83' lang='lat' dir='ltr'>valebat,</span> <span class='ocrx_word' id='word_1_152' title='bbox 982 1574 1026 1604; x_wconf 87' lang='lat' dir='ltr'>ut</span> <span class='ocrx_word' id='word_1_153' title='bbox 1046 1568 1216 1616; x_wconf 83' lang='lat' dir='ltr'>ingratiis</span> <span class='ocrx_word' id='word_1_154' title='bbox 1236 1569 1284 1605; x_wconf 82' lang='lat' dir='ltr'>ad.</span> <span class='ocrx_word' id='word_1_155' title='bbox 1299 1568 1435 1618; x_wconf 82' lang='lat' dir='ltr'>depug-</span> 
     </span>
     <span class='ocr_line' id='line_1_22' title="bbox 170 1630 1432 1678; baseline 0 -10"><span class='ocrx_word' id='word_1_156' title='bbox 170 1630 339 1668; x_wconf 87' lang='lat' dir='ltr'>nandum</span> <span class='ocrx_word' id='word_1_157' title='bbox 372 1645 501 1667; x_wconf 88' lang='lat' dir='ltr'>omnes</span> <span class='ocrx_word' id='word_1_158' title='bbox 533 1637 765 1678; x_wconf 84' lang='lat' dir='ltr'>cogerentur.</span> <span class='ocrx_word' id='word_1_159' title='bbox 823 1634 858 1667; x_wconf 82' lang='lat'>5.</span> <span class='ocrx_word' id='word_1_160' title='bbox 889 1632 976 1668; x_wconf 84' lang='lat' dir='ltr'>Hac</span> <span class='ocrx_word' id='word_1_161' title='bbox 1009 1645 1048 1668; x_wconf 88' lang='lat' dir='ltr'>re</span> <span class='ocrx_word' id='word_1_162' title='bbox 1082 1631 1213 1668; x_wconf 86' lang='lat' dir='ltr'>audita</span> <span class='ocrx_word' id='word_1_163' title='bbox 1239 1632 1432 1675; x_wconf 84' lang='lat' dir='ltr'>barbarus,</span> 
     </span>
     <span class='ocr_line' id='line_1_23' title="bbox 170 1692 1435 1742; baseline 0.001 -11"><span class='ocrx_word' id='word_1_164' title='bbox 170 1695 264 1732; x_wconf 89' lang='lat' dir='ltr'>nihil</span> <span class='ocrx_word' id='word_1_165' title='bbox 283 1693 356 1731; x_wconf 89' lang='lat' dir='ltr'>doli</span> <span class='ocrx_word' id='word_1_166' title='bbox 377 1693 523 1731; x_wconf 88' lang='lat' dir='ltr'>subesse</span> <span class='ocrx_word' id='word_1_167' title='bbox 543 1692 705 1737; x_wconf 89' lang='lat' dir='ltr'>credens,</span> <span class='ocrx_word' id='word_1_168' title='bbox 722 1692 896 1742; x_wconf 85' lang='lat' dir='ltr'>postridie</span> <span class='ocrx_word' id='word_1_169' title='bbox 917 1694 1140 1731; x_wconf 85' lang='lat' dir='ltr'>alienissimo</span> <span class='ocrx_word' id='word_1_170' title='bbox 1160 1695 1228 1731; x_wconf 89' lang='lat' dir='ltr'>sibi</span> <span class='ocrx_word' id='word_1_171' title='bbox 1247 1696 1336 1738; x_wconf 90' lang='lat' dir='ltr'>loco,</span> <span class='ocrx_word' id='word_1_172' title='bbox 1353 1709 1435 1732; x_wconf 88' lang='lat' dir='ltr'>con-</span> 
     </span>
     <span class='ocr_line' id='line_1_24' title="bbox 170 1755 1436 1807; baseline 0 -12"><span class='ocrx_word' id='word_1_173' title='bbox 170 1765 230 1795; x_wconf 85' lang='lat' dir='ltr'>tra</span> <span class='ocrx_word' id='word_1_174' title='bbox 251 1757 559 1807; x_wconf 88' lang='lat' dir='ltr'>opportunissimo</span> <span class='ocrx_word' id='word_1_175' title='bbox 578 1756 755 1800; x_wconf 86' lang='lat' dir='ltr'>hostibus,</span> <span class='ocrx_word' id='word_1_176' title='bbox 779 1755 870 1793; x_wconf 87' lang='lat' dir='ltr'>adeo</span> <span class='ocrx_word' id='word_1_177' title='bbox 895 1763 1053 1805; x_wconf 85' lang='lat' dir='ltr'>angusto</span> <span class='ocrx_word' id='word_1_178' title='bbox 1075 1757 1173 1794; x_wconf 87' lang='lat' dir='ltr'>mari</span> <span class='ocrx_word' id='word_1_179' title='bbox 1192 1758 1371 1804; x_wconf 71' lang='lat' dir='ltr'>conflixit,</span> <span class='ocrx_word' id='word_1_180' title='bbox 1392 1765 1436 1795; x_wconf 85' lang='lat' dir='ltr'>ut</span> 
     </span>
     <span class='ocr_line' id='line_1_25' title="bbox 168 1818 1435 1870; baseline -0.002 -12"><span class='ocrx_word' id='word_1_181' title='bbox 168 1821 247 1869; x_wconf 81' lang='lat' dir='ltr'>ejus</span> <span class='ocrx_word' id='word_1_182' title='bbox 268 1818 472 1857; x_wconf 87' lang='lat' dir='ltr'>multitudo</span> <span class='ocrx_word' id='word_1_183' title='bbox 495 1820 653 1856; x_wconf 84' lang='lat' dir='ltr'>navium</span> <span class='ocrx_word' id='word_1_184' title='bbox 676 1820 853 1869; x_wconf 82' lang='lat' dir='ltr'>explicari</span> <span class='ocrx_word' id='word_1_185' title='bbox 876 1833 950 1856; x_wconf 88' lang='lat' dir='ltr'>non</span> <span class='ocrx_word' id='word_1_186' title='bbox 968 1821 1140 1869; x_wconf 88' lang='lat' dir='ltr'>potuerit.</span> <span class='ocrx_word' id='word_1_187' title='bbox 1198 1821 1331 1858; x_wconf 88' lang='lat' dir='ltr'>Victus</span> <span class='ocrx_word' id='word_1_188' title='bbox 1350 1835 1435 1870; x_wconf 84' lang='lat' dir='ltr'>ergo</span> 
     </span>
     <span class='ocr_line' id='line_1_26' title="bbox 167 1883 1287 1932; baseline -0.001 -10"><span class='ocrx_word' id='word_1_189' title='bbox 167 1891 225 1922; x_wconf 86' lang='lat' dir='ltr'>est</span> <span class='ocrx_word' id='word_1_190' title='bbox 243 1884 366 1932; x_wconf 83' lang='lat' dir='ltr'>magis</span> <span class='ocrx_word' id='word_1_191' title='bbox 385 1883 534 1921; x_wconf 85' lang='lat' dir='ltr'>consilio</span> <span class='ocrx_word' id='word_1_192' title='bbox 554 1883 829 1927; x_wconf 86' lang='lat' dir='ltr'>Themistoclis,</span> <span class='ocrx_word' id='word_1_193' title='bbox 852 1897 966 1932; x_wconf 87' lang='lat' dir='ltr'>quam</span> <span class='ocrx_word' id='word_1_194' title='bbox 987 1883 1100 1920; x_wconf 84' lang='lat' dir='ltr'>armis</span> <span class='ocrx_word' id='word_1_195' title='bbox 1120 1884 1287 1921; x_wconf 80' lang='lat' dir='ltr'>Graeciae.</span> 
     </span>
    </p>
   </div>
   <div class='ocr_carea' id='block_1_6' title="bbox 724 1992 882 1998">
    <p class='ocr_par' dir='ltr' id='par_1_6' title="bbox 724 1992 882 1998">
     <span class='ocr_line' id='line_1_27' title="bbox 724 1992 882 1998; baseline 0 0"><span class='ocrx_word' id='word_1_196' title='bbox 724 1992 882 1998; x_wconf 95' lang='lat' dir='ltr'> </span> 
     </span>
    </p>
   </div>
   <div class='ocr_carea' id='block_1_7' title="bbox 639 2065 965 2103">
    <p class='ocr_par' dir='ltr' id='par_1_7' title="bbox 639 2065 965 2103">
     <span class='ocr_line' id='line_1_28' title="bbox 639 2065 965 2103; baseline -0.003 0"><span class='ocrx_word' id='word_1_197' title='bbox 639 2065 880 2103; x_wconf 88' lang='lat' dir='ltr'><strong>CAPUT</strong></span> <span class='ocrx_word' id='word_1_198' title='bbox 918 2066 965 2102; x_wconf 92' lang='lat' dir='ltr'>V.</span> 
     </span>
    </p>
   </div>
   <div class='ocr_carea' id='block_1_8' title="bbox 168 2140 1436 2505">
    <p class='ocr_par' dir='ltr' id='par_1_8' title="bbox 168 2140 1436 2505">
     <span class='ocr_line' id='line_1_29' title="bbox 227 2140 1435 2188; baseline -0.002 -10"><span class='ocrx_word' id='word_1_199' title='bbox 227 2145 259 2178; x_wconf 88' lang='lat'>1.</span> <span class='ocrx_word' id='word_1_200' title='bbox 287 2141 365 2178; x_wconf 79' lang='lat' dir='ltr'>Hrc</span> <span class='ocrx_word' id='word_1_201' title='bbox 389 2140 459 2178; x_wconf 88' lang='lat' dir='ltr'>etsi</span> <span class='ocrx_word' id='word_1_202' title='bbox 480 2141 581 2177; x_wconf 83' lang='lat' dir='ltr'>male</span> <span class='ocrx_word' id='word_1_203' title='bbox 603 2154 683 2177; x_wconf 89' lang='lat' dir='ltr'>rem</span> <span class='ocrx_word' id='word_1_204' title='bbox 707 2146 880 2188; x_wconf 85' lang='lat' dir='ltr'>gesserat,</span> <span class='ocrx_word' id='word_1_205' title='bbox 902 2146 1033 2177; x_wconf 84' lang='lat' dir='ltr'>tamen</span> <span class='ocrx_word' id='word_1_206' title='bbox 1052 2146 1180 2177; x_wconf 84' lang='lat' dir='ltr'>tantas</span> <span class='ocrx_word' id='word_1_207' title='bbox 1198 2140 1364 2178; x_wconf 81' lang='lat' dir='ltr'>habebat</span> <span class='ocrx_word' id='word_1_208' title='bbox 1382 2153 1435 2176; x_wconf 92' lang='lat' dir='ltr'>re-</span> 
     </span>
     <span class='ocr_line' id='line_1_30' title="bbox 172 2204 1432 2253; baseline -0.002 -12"><span class='ocrx_word' id='word_1_209' title='bbox 172 2204 302 2253; x_wconf 78' lang='lat' dir='ltr'>liquias</span> <span class='ocrx_word' id='word_1_210' title='bbox 324 2204 526 2253; x_wconf 82' lang='lat' dir='ltr'>copiarum,</span> <span class='ocrx_word' id='word_1_211' title='bbox 547 2210 592 2240; x_wconf 90' lang='lat' dir='ltr'>ut</span> <span class='ocrx_word' id='word_1_212' title='bbox 611 2204 728 2240; x_wconf 87' lang='lat' dir='ltr'>etiam</span> <span class='ocrx_word' id='word_1_213' title='bbox 751 2217 838 2240; x_wconf 92' lang='lat' dir='ltr'>cum</span> <span class='ocrx_word' id='word_1_214' title='bbox 856 2204 914 2240; x_wconf 88' lang='lat' dir='ltr'>his</span> <span class='ocrx_word' id='word_1_215' title='bbox 933 2204 1140 2253; x_wconf 87' lang='lat' dir='ltr'>opprimere</span> <span class='ocrx_word' id='word_1_216' title='bbox 1159 2210 1279 2253; x_wconf 92' lang='lat' dir='ltr'>posset</span> <span class='ocrx_word' id='word_1_217' title='bbox 1298 2205 1432 2240; x_wconf 88' lang='lat' dir='ltr'>hostes.</span> 
     </span>
     <span class='ocr_line' id='line_1_31' title="bbox 168 2259 1435 2315; baseline -0.002 -11"><span class='ocrx_word' id='word_1_218' title='bbox 168 2259 317 2304; x_wconf 50' lang='lat' dir='ltr'>‘Iterum</span> <span class='ocrx_word' id='word_1_219' title='bbox 341 2267 388 2303; x_wconf 85' lang='lat' dir='ltr'>ab</span> <span class='ocrx_word' id='word_1_220' title='bbox 411 2266 541 2303; x_wconf 88' lang='lat' dir='ltr'>eodem</span> <span class='ocrx_word' id='word_1_221' title='bbox 563 2266 683 2314; x_wconf 78' lang='lat' dir='ltr'>gradu</span> <span class='ocrx_word' id='word_1_222' title='bbox 706 2266 882 2315; x_wconf 86' lang='lat' dir='ltr'>depulsus</span> <span class='ocrx_word' id='word_1_223' title='bbox 910 2273 975 2303; x_wconf 83' lang='lat' dir='ltr'>est.</span> <span class='ocrx_word' id='word_1_224' title='bbox 1033 2267 1140 2303; x_wconf 84' lang='lat' dir='ltr'>Nam</span> <span class='ocrx_word' id='word_1_225' title='bbox 1164 2267 1435 2303; x_wconf 88' lang='lat' dir='ltr'>Themistocles</span> 
     </span>
     <span class='ocr_line' id='line_1_32' title="bbox 174 2329 1434 2378; baseline -0.001 -11"><span class='ocrx_word' id='word_1_226' title='bbox 174 2344 310 2373; x_wconf 87' lang='lat' dir='ltr'>verens,</span> <span class='ocrx_word' id='word_1_227' title='bbox 332 2343 380 2367; x_wconf 85' lang='lat' dir='ltr'>ne</span> <span class='ocrx_word' id='word_1_228' title='bbox 402 2329 541 2366; x_wconf 83' lang='lat' dir='ltr'>bellare</span> <span class='ocrx_word' id='word_1_229' title='bbox 564 2336 826 2378; x_wconf 86' lang='lat' dir='ltr'>perseveraret,</span> <span class='ocrx_word' id='word_1_230' title='bbox 852 2330 1046 2366; x_wconf 88' lang='lat' dir='ltr'>certiorem</span> <span class='ocrx_word' id='word_1_231' title='bbox 1070 2344 1158 2367; x_wconf 85' lang='lat' dir='ltr'>cum</span> <span class='ocrx_word' id='word_1_232' title='bbox 1182 2331 1278 2373; x_wconf 83' lang='lat' dir='ltr'>fecit,</span> <span class='ocrx_word' id='word_1_233' title='bbox 1300 2329 1338 2366; x_wconf 92' lang='lat' dir='ltr'>id</span> <span class='ocrx_word' id='word_1_234' title='bbox 1361 2330 1434 2378; x_wconf 80' lang='lat' dir='ltr'>agi,</span> 
     </span>
     <span class='ocr_line' id='line_1_33' title="bbox 171 2393 1436 2443; baseline 0 -12"><span class='ocrx_word' id='word_1_235' title='bbox 171 2401 213 2431; x_wconf 90' lang='lat' dir='ltr'>ut</span> <span class='ocrx_word' id='word_1_236' title='bbox 240 2408 341 2443; x_wconf 85' lang='lat' dir='ltr'>pons,</span> <span class='ocrx_word' id='word_1_237' title='bbox 363 2407 474 2442; x_wconf 85' lang='lat' dir='ltr'>quem</span> <span class='ocrx_word' id='word_1_238' title='bbox 502 2394 564 2429; x_wconf 87' lang='lat' dir='ltr'>ille</span> <span class='ocrx_word' id='word_1_239' title='bbox 592 2393 631 2429; x_wconf 83' lang='lat' dir='ltr'>in</span> <span class='ocrx_word' id='word_1_240' title='bbox 658 2393 903 2441; x_wconf 87' lang='lat' dir='ltr'>Hellesponto</span> <span class='ocrx_word' id='word_1_241' title='bbox 926 2393 1076 2436; x_wconf 82' lang='lat' dir='ltr'>fecerat,</span> <span class='ocrx_word' id='word_1_242' title='bbox 1098 2393 1369 2437; x_wconf 88' lang='lat' dir='ltr'>dissolveretur,</span> <span class='ocrx_word' id='word_1_243' title='bbox 1393 2406 1436 2431; x_wconf 84' lang='lat' dir='ltr'>ac</span> 
     </span>
     <span class='ocr_line' id='line_1_34' title="bbox 171 2454 1435 2505; baseline -0.001 -10"><span class='ocrx_word' id='word_1_244' title='bbox 171 2456 290 2495; x_wconf 83' lang='lat' dir='ltr'>reditu</span> <span class='ocrx_word' id='word_1_245' title='bbox 315 2457 352 2493; x_wconf 89' lang='lat' dir='ltr'>in</span> <span class='ocrx_word' id='word_1_246' title='bbox 377 2457 509 2493; x_wconf 86' lang='lat' dir='ltr'>Asiam</span> <span class='ocrx_word' id='word_1_247' title='bbox 538 2455 818 2500; x_wconf 80' lang='lat' dir='ltr'>excluderetur;</span> <span class='ocrx_word' id='word_1_248' title='bbox 849 2454 958 2505; x_wconf 83' lang='lat' dir='ltr'>idque</span> <span class='ocrx_word' id='word_1_249' title='bbox 986 2456 1019 2493; x_wconf 84' lang='lat' dir='ltr'>ei</span> <span class='ocrx_word' id='word_1_250' title='bbox 1043 2456 1224 2505; x_wconf 85' lang='lat' dir='ltr'>persuasit</span> <span class='ocrx_word' id='word_1_251' title='bbox 1294 2459 1328 2493; x_wconf 76' lang='lat'>2.</span> <span class='ocrx_word' id='word_1_252' title='bbox 1359 2457 1435 2494; x_wconf 85' lang='lat' dir='ltr'>Ita-</span> 
     </span>
    </p>
   </div>
  </div>
 </body>
</html>
