1575 2771
506 470 607 527 IX.
679 470 990 526 CONON.

593 663 834 700 CAPUT
873 663 904 700 Ι.

175 741 206 774 1,
237 737 385 780 CoNoN,
420 737 671 780 Atheniensis,
707 737 972 786 Peloponnesio
1005 737 1102 774 bello
1144 739 1294 776 accessit
1332 737 1376 776 ad

118 800 398 850 rempublicam,
427 801 467 838 in
499 815 614 850 eoque
646 802 726 849 ejus
759 815 871 850 opera
902 802 1032 849 magni
1062 803 1145 839 fuit.
1203 804 1309 840 Nam
1342 811 1381 841 et

119 872 250 914 praetor
277 864 508 914 pedestribus
535 864 757 902 exercitibus
784 865 943 914 praefuit,
969 873 1006 902 ct
1033 866 1228 914 praefectus
1255 867 1381 904 classis

119 942 174 965 res
192 941 351 976 magnas
370 928 467 964 mari
486 928 608 976 gessit.
653 928 758 972 Quas
777 927 823 964 ob
843 942 974 964 causas
993 929 1199 977 praecipuus
1218 930 1251 965 ei
1267 930 1381 966 honos

117 991 269 1028 habitus
287 998 354 1027 est.
403 991 580 1039 Namque
600 991 770 1027 omnibus
789 1004 886 1026 unus
904 991 1034 1027 insulis
1052 991 1200 1039 praefuit
1216 1005 1223 1028 2
1247 992 1287 1028 in
1306 1006 1381 1041 qua

117 1060 300 1103 potestate
315 1054 458 1090 Pheras
473 1053 582 1102 cepit,
599 1053 781 1090 coloniam
796 1052 1180 1091 Lacedaemoniorum.
1231 1058 1264 1092 2.
1287 1056 1381 1093 Fuit

116 1118 234 1155 etiam
253 1123 419 1154 extremo
438 1117 702 1166 Peloponnesio
721 1117 817 1154 bello
840 1124 985 1166 praetor,
1003 1132 1121 1167 quum
1141 1117 1242 1168 apud
1260 1120 1381 1167 AEgos

116 1181 260 1218 flumen
278 1181 390 1230 copiae
411 1181 701 1217 Atheniensium
721 1194 744 1217 a
762 1180 958 1230 Lysandro
979 1188 1067 1219 sunt
1085 1181 1253 1219 devietae.
1306 1182 1380 1220 Sed

117 1251 200 1283 tum
222 1244 352 1290 abfuit,
373 1258 486 1296 eoque
505 1245 610 1296 pejus
629 1258 685 1284 res
709 1243 971 1284 administrata
989 1253 1056 1284 est.
1113 1246 1220 1284 Nam
1239 1253 1277 1284 et
1295 1260 1379 1296 pru-

117 1309 206 1347 dens
224 1311 277 1348 rei
295 1311 480 1354 militaris,
498 1318 535 1348 et
550 1309 706 1359 diligens
725 1317 806 1348 erat
820 1311 977 1360 imperii.
1027 1313 1062 1348 3.
1085 1311 1221 1360 Itaque
1239 1311 1380 1347 nemini

117 1380 199 1411 erat
221 1374 279 1411 his
300 1373 528 1424 temporibus
556 1373 722 1419 dubium,
748 1375 778 1411 si
801 1375 978 1419 affuisset,
1002 1375 1110 1412 issam
1132 1375 1380 1412 Athenienses

117 1437 377 1475 calamitatem
397 1444 612 1487 accepturos
631 1452 706 1475 non
723 1438 844 1476 fuisse.

549 1619 816 1656 ,CAPUT
855 1620 920 1657 II.

175 1697 207 1731 1.
232 1693 368 1730 REBUS
388 1699 516 1730 autem
536 1693 693 1736 afflictis,
711 1707 828 1741 quum
846 1694 1012 1742 patriam
1031 1693 1185 1731 obsideri
1207 1694 1379 1739 audisset,

118 1771 192 1794 non
210 1757 391 1806 quaesivit,
412 1756 476 1793 ubi
498 1756 574 1805 ipse
597 1762 680 1793 tuto
700 1756 854 1800 viveret,
876 1755 940 1793 sed
958 1756 1056 1794 unde
1075 1757 1242 1807 praesidio
1260 1766 1382 1808 posset

118 1834 194 1858 esse
216 1820 358 1857 civibus
381 1819 464 1856 suis.
522 1820 659 1868 Itaque
687 1820 844 1856 contulit
866 1833 903 1856 se
927 1821 975 1857 ad
996 1820 1301 1865 Pharnabazum,
1327 1836 1381 1859 sa-

117 1892 252 1935 trapen
273 1884 388 1922 Ioniae
416 1890 455 1921 et
476 1882 619 1933 Lydiae‚
644 1882 892 1932 eumdemque
914 1897 1094 1932 generum
1120 1885 1215 1933 regis
1243 1892 1281 1922 et
1303 1899 1381 1934 pro-

117 1949 323 1998 pinquum:
353 1946 453 1997 apud
475 1942 590 1996 ¹quem
611 1954 655 1984 ut
676 1948 842 1984 multum
863 1947 989 1996 gratia
1010 1949 1164 1992 valeret,
1188 1949 1308 1986 multo
1330 1950 1382 1985 la-

117 2011 204 2049 bore
222 2011 425 2060 multisque
444 2010 566 2047 effecit
585 2010 768 2059 periculis.
826 2012 860 2046 2.
882 2011 990 2048 Nam
1009 2025 1124 2060 quum
1143 2011 1381 2049 Lacedaemo-

117 2075 179 2118 nii,
197 2074 489 2111 Atheniensibus
508 2072 675 2117 devictis,
697 2074 736 2110 in
755 2074 932 2110 societate
950 2088 1024 2111 non
1043 2082 1250 2118 manerent,
1267 2090 1381 2124 quam

117 2152 206 2175 cum
227 2139 438 2174 Artaxerxe
466 2137 640 2180 fecerant,
666 2137 958 2185 Agesilaumque
984 2137 1168 2174 bellatum
1196 2139 1382 2175 misissent

118 2201 158 2239 in
176 2201 320 2243 Asiam,
341 2201 507 2237 maxime
526 2201 677 2249 impulsi
697 2214 720 2237 a
740 2201 1000 2250 Tissapherne,
1022 2202 1084 2250 qui
1104 2216 1150 2239 ex
1169 2202 1311 2239 intimis
1330 2216 1378 2238 rc-

118 2264 183 2312 gis'
193 2263 240 2300 ab
260 2264 428 2300 amicitia
447 2264 524 2311 ejus
544 2262 738 2306 defecerat,
761 2271 797 2300 et
817 2278 904 2300 cum
924 2263 1221 2302 Lacedaemoniis
1244 2266 1377 2302 coierat

119 2328 334 2365 societatem
351 2339 357 2363 :
383 2327 482 2363 hunc
503 2325 678 2362 adversus
693 2327 964 2363 Pharnabazus
982 2327 1133 2364 habitus
1152 2334 1206 2364 est
1226 2328 1378 2376 impera·

118 2398 176 2428 tor
191 2404 199 2436 ;
223 2404 262 2427 rc
281 2388 431 2439 quidem
450 2402 539 2426 vera
559 2389 739 2425 exercitui
757 2389 903 2438 praefuit
925 2390 1065 2433 Conon,
1087 2392 1237 2439 ejusque
1257 2392 1380 2429 omnia

119 2454 271 2492 arbitrio
289 2459 395 2501 gesta
413 2459 510 2489 sunt.
567 2454 602 2488 3.
633 2452 708 2489 Hic
727 2453 892 2489 multum
911 2451 1045 2490 ducem
1065 2467 1267 2498 summum,
1285 2456 1376 2503 Age—
