1575 2771
166 209 221 244 24
593 219 787 245 CORNELII
820 219 1006 245 neporus.
1306 203 1365 258 [2,
1387 209 1425 246 3.

165 305 294 344 decem
313 307 434 344 millia
449 307 739 344 Atheniensium
754 306 793 343 in
808 306 992 343 coloniam
1010 306 1124 343 misit.
1167 305 1275 344 Idem
1290 307 1426 344 iterum

167 369 266 419 apud
282 371 461 420 Mycalen
478 371 700 420 Cypriorum
717 377 755 406 et
771 370 993 406 Phoenicum
1009 368 1257 407 ducentarum
1272 371 1429 407 navium

166 434 322 470 classem
345 433 535 471 devictam
557 433 678 483 cepit3
736 436 771 470 3.
803 432 1021 482 Eodemque
1044 432 1103 469 die
1122 434 1204 482 pari
1222 434 1373 470 fortuna
1391 434 1431 470 in

167 503 266 534 terra
287 511 376 534 usus
398 504 465 534 est.
522 497 700 545 Namque
723 497 888 533 hostium
906 495 1066 533 navibus
1084 496 1213 545 captis,
1235 497 1366 533 statim
1385 509 1432 533 ex

167 561 281 597 classe
316 561 440 610 copias
475 574 560 597 suas
594 559 735 603 eduxit,
775 557 1098 608 barbarorumque
1132 574 1207 597 uno
1251 573 1432 597 concursu

166 624 375 661 maximam
401 625 480 661 vim
508 624 722 673 prostravit.
779 627 814 660 4.
846 624 934 669 Qua
956 624 1114 660 victoria
1140 637 1281 671 magna
1307 622 1434 673 praeda

166 687 306 737 potitus
325 701 443 736 quum
461 687 615 724 domum
634 694 894 731 reverteretur,
917 686 1013 736 quod
1026 688 1111 736 jam
1130 688 1317 724 nonnullae
1336 687 1434 724 insu-

166 751 211 787 lae
244 757 394 799 propter
421 750 669 787 acerbitatem
697 751 844 799 imperii
871 750 1094 794 defecerant,
1123 752 1217 788 bene
1246 751 1434 788 animatas

167 813 416 856 confirmavit,
434 814 619 850 alienatas
640 812 688 850 ad
703 814 868 850 officium
884 813 1001 850 redire
1021 814 1153 862 coegit.
1203 817 1238 851 5.
1262 815 1432 864 Scyrum,

167 889 283 924 quam
306 890 348 913 eo
371 883 537 926 tempore
561 877 723 926 Dolopes
744 876 968 920 incolebant,
993 875 1091 926 quod
1113 878 1370 914 contumacius
1398 891 1436 914 se

168 946 369 987 gesserant,
394 940 612 984 vacuefecit,
637 954 791 977 sessores
813 948 958 977 veteres
986 940 1076 978 urbe
1098 940 1293 990 insulaque
1316 941 1435 989 ejecit,

169 1016 277 1050 agros
299 1002 443 1040 civibus
465 1002 602 1040 divisit.
660 1004 820 1040 Thasios
842 1004 1034 1053 opulentia
1053 1004 1164 1041 fretos
1186 1018 1250 1041 suo
1271 1003 1437 1041 adventu

169 1066 291 1115 fregit.
347 1067 420 1104 His
442 1081 490 1104 ex
511 1067 699 1104 manubiis
718 1069 961 1105 Athenarum
982 1081 1060 1112 arx,
1082 1082 1156 1118 qua
1176 1067 1224 1106 ad
1242 1067 1437 1106 meridiem

169 1131 302 1179 vergit,
324 1137 379 1168 est
399 1137 543 1168 ornata.

618 1315 860 1353 CAPUT
898 1315 998 1353 III.

229 1393 261 1426 1.
293 1389 436 1435 QUmUS
459 1390 568 1427 rebus
591 1403 709 1439 quum
731 1404 829 1427 unus
852 1390 890 1426 in
913 1390 1068 1427 civitate
1090 1403 1257 1427 maxlme
1279 1390 1437 1435 floreret,

172 1452 303 1490 incidit
336 1453 376 1490 in
408 1452 582 1490 eamdem
615 1452 809 1497 invidiam,
845 1467 960 1502 quam
993 1460 1102 1502 pater
1134 1467 1222 1490 suus
1254 1454 1439 1503 ceterique

174 1517 463 1554 Atheniensium
482 1517 676 1566 principes.
733 1517 840 1554 Nam
856 1524 1042 1554 testarum
1058 1517 1253 1565 suffragiis,
1270 1516 1367 1566 quod
1385 1518 1439 1555 illi

173 1579 436 1629 ὀστρακισμὸν
464 1588 613 1624 vocant,
635 1580 764 1618 decem
791 1594 975 1617 annorum
1003 1580 1129 1617 exsilio
1156 1581 1343 1617 multatus
1370 1587 1436 1618 est.

174 1647 209 1680 2.
242 1644 362 1692 Cujus
384 1644 475 1681 facti
497 1644 653 1681 celerius
675 1644 935 1687 Athenienses,
957 1657 1072 1692 quam
1094 1643 1228 1692 ipsum,
1252 1644 1437 1692 poem'tuit.

173 1709 280 1745 Nam
300 1722 416 1757 quum
438 1709 500 1745 ille
524 1708 650 1745 animo
672 1708 758 1745 sorti
777 1706 925 1744 invidjae
948 1708 1182 1756 ingratorum
1204 1707 1344 1744 civium
1367 1721 1440 1744 ces-

173 1773 288 1816 sisset,
318 1772 533 1821 bellumque
562 1770 841 1809 Lacedaemonii
870 1770 1164 1808 Atheniensibus
1195 1769 1438 1808 indixissent:

172 1835 367 1872 confestim
403 1842 500 1872 notae
538 1836 617 1883 ejus
650 1835 801 1871 virtutis
838 1833 1062 1871 desiderium
1095 1840 1337 1870 consecutum
1369 1841 1436 1871 est.

175 1901 209 1935 3.
241 1899 376 1947 Itaque
399 1904 481 1947 post
505 1911 648 1934 annum
670 1898 856 1946 quintum,
878 1911 993 1946 quam
1013 1898 1186 1946 expulsus
1205 1904 1297 1940 erat,
1318 1898 1357 1934 in
1376 1912 1433 1947 pa·

174 1962 288 1999 triam
316 1968 512 1998 revocatus
539 1968 606 1998 cst.
664 1962 746 2005 Ille,
767 1960 865 2010 quod
886 1961 1043 2010 hospitlo
1066 1959 1438 1998 Lacedaemoniorum

172 2024 361 2068 utebatur,
383 2025 501 2062 satius
524 2025 753 2069 existimans,
779 2024 1000 2062 contendere
1022 2024 1345 2067 Lacedaemonem,
1371 2039 1438 2062 sua

172 2095 301 2138 sponte
321 2095 376 2125 est
391 2089 585 2138 profectus,
603 2102 808 2138 pacemque
828 2089 926 2126 inter
945 2087 1038 2126 duas
1056 2089 1332 2138 potentissimas
1351 2089 1438 2126 civi-

172 2161 270 2192 tates
297 2155 521 2191 conciliavit.
578 2158 614 2191 4.
645 2156 746 2199 Post,
771 2168 890 2204 neque
917 2155 973 2192 ita
999 2155 1130 2198 multo,
1154 2154 1322 2204 Cyprum
1351 2168 1437 2193 cum

172 2217 343 2255 ducentis
361 2219 520 2255 navibus
539 2218 742 2267 imperator
760 2218 904 2261 missus,
922 2232 1040 2267 quum
1059 2219 1138 2266 ejus
1156 2219 1337 2266 majorem
1356 2232 1436 2268 par-

173 2288 250 2318 tem
269 2281 397 2318 insulae
417 2280 623 2325 devicisset,
645 2282 684 2318 in
703 2281 876 2319 morbum
895 2281 1110 2331 implicitus,
1127 2281 1167 2319 in
1185 2280 1317 2331 oppido
1337 2282 1436 2319 Citio

172 2351 228 2381 est
246 2351 425 2382 mortuus.
