1575 2771
405 480 568 538 XVI.
640 479 1200 536 PELOPIDAS.

652 675 882 712 CAPUT
919 675 952 711 Ι.

227 752 259 784 1.
290 748 518 791 ΡΕιοΡωΑε,
544 747 762 792 Thebanus,
791 749 913 796 magis
940 748 1135 791 historicis,
1165 761 1282 796 quam
1310 748 1433 796 vulgo,

169 818 288 847 notus.
338 811 457 858 Cujus
476 812 520 847 de
535 810 740 847 Virtutibus
758 810 887 848 dubito
903 811 1219 859 quemadmodum
1238 824 1433 860 exponam,

169 871 267 922 quod
293 887 430 917 vereor,
454 887 512 917 ne,
537 874 567 910 si
595 888 651 911 res
678 874 865 923 explicare
892 874 1082 923 incipiam,
1106 888 1181 910 non
1206 875 1329 911 vitam
1356 875 1435 923 ejus

169 950 352 980 enarrare,
369 935 431 973 sed
447 937 641 974 historiam
656 937 784 974 videar
802 936 959 973 scribere
974 949 983 981 3
1011 936 1040 973 si
1059 937 1320 974 tantummodo
1339 950 1436 974 sum·

168 1013 250 1036 mas
271 1000 440 1048 attigero,
456 1013 504 1036 ne
523 999 677 1037 rudibus
695 1000 910 1036 litterarum
931 1000 1154 1036 Graecarum
1172 1000 1296 1036 minus
1314 1000 1436 1037 lucide

169 1070 360 1112 appareat,
381 1070 542 1111 quantus
564 1063 675 1099 fuerit
697 1063 760 1099 ille
783 1063 850 1099 vir.
909 1063 1044 1110 Itaque
1067 1063 1215 1111 utrique
1238 1063 1291 1099 rei
1313 1077 1436 1100 occur-

168 1139 262 1169 ram,
284 1133 470 1174 quantum
493 1133 656 1175 potuero,
681 1133 719 1162 et
741 1124 915 1162 medebor
937 1139 1055 1174 quum
1077 1126 1256 1170 satietati,
1277 1132 1363 1163 tum
1384 1126 1436 1175 ig-

168 1189 349 1225 norantiae
369 1189 561 1225 lectorum.
612 1192 647 1225 2.
675 1189 885 1231 Phoebidas,
903 1189 1223 1232 Lacedaemom'us,
1240 1203 1358 1237 quum
1376 1203 1436 1226 ex-

169 1254 327 1290 ercitum
343 1254 556 1303 Olynthum
569 1254 731 1297 duceret,
746 1254 888 1302 iterque
902 1267 968 1303 per
980 1254 1134 1290 Thebas
1148 1253 1296 1297 faceret,
1311 1268 1436 1291 arcem

168 1317 303 1367 oppidi,
325 1332 405 1366 quae
431 1318 601 1355 Cadmea
623 1318 850 1361 nominatur,
875 1318 1073 1366 occupavit
1096 1317 1260 1367 impulsu
1281 1331 1436 1367 perpau-

168 1394 296 1417 corum
317 1382 597 1424 Thebanorum,
619 1381 692 1429 qui,
715 1381 934 1417 adversariae
954 1380 1106 1417 factioni
1129 1394 1200 1429 quo
1219 1380 1365 1417 facilius
1383 1394 1436 1418 re·

169 1445 350 1487 sisterent,
372 1445 572 1481 Laconum
591 1446 699 1481 rebus
719 1443 921 1481 studebant
937 1456 944 1488 ;
970 1442 1080 1492 idque
1100 1457 1164 1480 suo
1182 1444 1340 1492 privato,
1361 1457 1435 1483 non

168 1508 315 1556 publico
338 1508 424 1544 fecit
448 1508 608 1544 consilio.
666 1510 700 1543 3.
732 1507 816 1552 Quo
842 1507 942 1544 facto
970 1520 1058 1543 eum
1081 1505 1358 1543 Laeedaemonii
1387 1507 1435 1544 ab

169 1572 335 1608 exercitu
350 1578 588 1607 removerunt
604 1571 834 1619 pecuniaque
849 1571 1063 1607 multarunt
1079 1583 1086 1614 ;
1115 1584 1234 1619 neque
1253 1584 1294 1607 eo
1313 1571 1435 1619 magis

171 1648 295 1671 arcem
311 1633 504 1670 Thebanis
523 1633 773 1676 reddiderunt,
790 1634 886 1681 quod
901 1633 1079 1681 susceptis
1093 1633 1300 1669 inimicitiis
1319 1634 1435 1670 satius

173 1698 357 1735 ducebant
377 1711 437 1734 eos
455 1696 622 1740 obsideri,
643 1710 759 1745 quam
778 1696 937 1733 liberari.
985 1696 1027 1732 N
1029 1709 1093 1732 am
1110 1702 1192 1745 post
1211 1697 1435 1746 Peloponne-

169 1763 268 1799 sium
295 1761 437 1798 bellum
460 1761 705 1809 Athenasque
733 1759 900 1796 devictas
927 1773 1015 1796 cum
1038 1758 1231 1796 Thebanis
1259 1760 1329 1797 sibi
1355 1774 1433 1798 rem

169 1839 246 1862 esse
266 1825 544 1867 existimabant,
562 1831 600 1860 et
619 1838 679 1861 eos
698 1837 774 1860 esse
793 1825 896 1866 solos,
913 1823 976 1872 qui
995 1824 1171 1860 adversus
1185 1824 1352 1860 resistere
1371 1837 1436 1861 au-

170 1889 309 1925 derent.
366 1890 402 1922 4.
428 1887 515 1923 Hac
534 1893 660 1922 mente
681 1886 811 1923 a'micis
830 1886 904 1922 suis
923 1899 1090 1922 summas
1107 1892 1310 1934 potestates
1329 1885 1434 1923 dede-

170 1956 267 1992 rant,
283 1949 507 1998 alteriusque
522 1948 693 1985 factionis
708 1949 890 1998 principes
904 1948 1044 1997 partim
1055 1948 1327 1992 interfecerant,
1344 1949 1435 1986 alios

169 2014 209 2051 in
231 2014 403 2050 exsilium
426 2013 633 2061 ejecerant:
662 2013 702 2049 in
725 2013 856 2062 quibus
882 2010 1079 2061 Pelopidas
1104 2012 1176 2056 hic,
1197 2012 1242 2049 de
1261 2026 1331 2061 quo
1350 2012 1434 2050 scri-

169 2077 256 2115 bere
275 2077 392 2114 exorsi
411 2090 551 2120 sumus,
572 2077 702 2126 pulsus
720 2076 846 2126 patria
864 2074 1028 2112 carebat.

631 2256 872 2294 CAPUT
909 2256 976 2293 II.

230 2336 262 2369 1.
289 2332 344 2368 H1
363 2344 489 2368 omnes
507 2331 582 2368 fere
601 2331 775 2368 Athenas
794 2343 831 2367 se
851 2331 1097 2374 contulerant,
1117 2343 1201 2374 non,
1222 2344 1293 2380 quo
1312 2345 1435 2381 seque·

173 2402 300 2432 rentur
322 2394 451 2438 otium,
473 2395 545 2438 sed,
568 2401 612 2431 ut
632 2407 815 2444 quemque
838 2407 885 2430 ex
906 2392 1073 2443 proximo
1095 2394 1220 2431 locum
1238 2394 1310 2431 sors
1331 2395 1435 2432 obtu-

174 2457 284 2503 lisset,
311 2471 353 2496 eo
380 2457 543 2508 patriam
571 2470 789 2507 recuperare
816 2457 1033 2494 niterentur.
1091 2459 1126 2493 2.
1156 2456 1291 2506 Itaque
1317 2470 1433 2507 quum
