1575 2771
177 226 232 264 72
604 237 800 262 conNnLn
833 236 1022 263 NEro'rrs.
1326 222 1385 277 [6,
1407 227 1445 264 7.

175 324 377 364 Thebanos
400 331 437 362 et
462 325 632 373 Argivos,
691 327 726 360 2.
758 324 807 361 In
829 324 952 373 eisque
974 326 1044 362 hoc
1067 326 1256 374 posuisset,
1278 325 1444 364 animad-

176 396 318 426 vertere
341 388 473 426 debere
493 388 673 431 Arcadas,
694 388 824 436 quales
847 394 1007 437 utraque
1029 388 1163 426 civitas
1185 389 1283 427 cives
1304 404 1445 440 procre-

174 459 281 496 asset,
303 467 350 489 ex
378 452 511 501 quibus
539 451 585 488 dc
613 451 744 488 ceteris
771 458 919 500 possent
937 450 1131 499 judicare:
1162 453 1322 502 Argives
1344 454 1445 491 enim

173 517 283 554 fuisse
304 516 476 553 Orestem
496 522 534 552 et
554 516 820 558 Alcmaeonem,
838 513 1056 552 matricidas
1071 528 1079 561 ;
1102 515 1244 553 Thebis
1259 517 1444 567 OEdipum

173 586 320 624 natum,
335 580 408 629 qui,
424 593 540 628 quum
555 586 703 628 patrem
719 592 830 616 suum
845 579 1098 622 interfecisset,
1116 593 1162 617 cx
1176 586 1297 617 matre
1313 581 1446 618 liberos

174 651 399 695 procreasset
415 657 422 681 2
460 647 494 681 3.
515 644 614 681 Huic
632 645 670 681 in
682 642 933 692 respondendo
953 643 1246 693 Epaminondas,
1264 658 1382 693 quum
1400 645 1445 682 de

174 709 305 745 ceteris
328 714 544 757 perorass>t‚
570 713 768 756 postquam
793 708 840 744 ad
862 707 928 744 illa
950 708 1021 744 duo
1044 709 1241 757 opprobria
1262 709 1443 758 pervenit,

174 770 352 808 admirari
372 784 409 807 se
429 768 524 806 dixit
543 770 749 806 stultitiam
767 771 924 807 rhetoris
944 771 1075 815 Attici,
1097 772 1161 821 qui
1183 786 1257 810 non
1277 771 1444 810 animad-

173 834 338 877 verterit,
363 833 577 870 innocentes
596 833 678 869 illos
696 839 804 870 natos
820 847 827 878 ;
858 832 959 870 domi
978 836 1113 871 scelere
1137 834 1307 880 admisso,
1328 849 1444 885 quum

173 897 297 947 patria
316 903 438 934 essent
453 897 608 946 expulsi,
626 903 790 946 receptos
806 911 882 934 esse
899 898 946 934 ab
962 898 1266 936 Atheniensibus.
1314 902 1350 936 4.
1371 898 1446 937 Sed

172 961 340 998 maxime
364 962 443 1010 ejus
467 961 680 1010 eloquentia
703 961 822 998 eluxit
848 962 1005 1010 Spartae,
1027 962 1143 1011 legati
1166 969 1254 1000 ante
1275 977 1443 1012 pugnarn

173 1025 430 1062 Leuctricam.
488 1025 572 1070 Quo
592 1039 708 1074 quum
730 1025 900 1061 omniurn
923 1026 1104 1062 sociorum
1123 1027 1379 1064 convenissent
1397 1028 1445 1064 le·

172 1089 262 1137 gati,
281 1102 407 1126 coram
427 1088 724 1138 frequentissimo
743 1089 978 1137 legationum
996 1096 1184 1126 conventu
1203 1090 1254 1127 sic
1269 1089 1445 1127 Lacedae-

173 1153 385 1190 moniorum
410 1150 647 1202 tyrannidem
669 1152 848 1201 coarguit,
873 1159 917 1189 ut
939 1166 1013 1189 non
1041 1153 1166 1190 minus
1194 1154 1260 1190 illa
1282 1154 1446 1191 oratione

174 1229 260 1265 opes
279 1230 408 1253 eorum
427 1216 661 1260 concusserit,
678 1229 794 1264 quam
813 1216 1017 1253 Leuctrica
1035 1230 1173 1266 pugna.
1223 1218 1327 1254 Tum
1346 1218 1446 1255 enim

173 1280 338 1330 perfecit,
360 1278 456 1329 quod
474 1286 557 1329 post
577 1279 762 1329 apparuit,
783 1285 827 1316 ut
847 1279 985 1316 auxilio
1005 1280 1187 1318 sociorum
1207 1279 1445 1318 Lacedaemo-

174 1345 226 1382 nii
244 1345 494 1394 privarentur.

615 1529 857 1565 CAPUT
895 1528 1010 1565 VII.

232 1610 264 1641 1.
286 1605 425 1642 FUISSE
445 1604 654 1654 patientem
675 1617 898 1651 suorumque
918 1603 1072 1651 injurias
1091 1603 1271 1640 serentem
1291 1603 1443 1647 civium,

176 1667 271 1717 quod
294 1682 330 1705 sc
350 1668 480 1717 patriae
500 1668 609 1704 irasci
629 1667 732 1704 nefas
748 1681 824 1704 esse
840 1666 1002 1710 duceret,
1020 1668 1099 1704 haec
1115 1674 1201 1704 sunt
1217 1668 1442 1706 testimonia.

176 1733 304 1778 Quum
328 1746 416 1769 eum
439 1738 588 1781 propter
611 1730 793 1768 invidiam
818 1731 916 1768 cives
939 1731 1124 1781 praeficere
1144 1732 1324 1769 exercitui
1342 1733 1445 1769 nolu-

174 1797 297 1840 issent,
318 1795 466 1845 duxque
490 1802 585 1832 esset
608 1794 774 1832 delectus
796 1794 884 1832 belli
907 1795 1111 1843 imperitus
1134 1796 1240 1843 cujus
1262 1809 1380 1833 errore
1403 1810 1445 1833 eo

174 1867 268 1897 essct
291 1860 454 1896 deducta
477 1873 544 1902 res,
570 1865 614 1896 ut
636 1872 763 1895 ornnes
792 1857 837 1894 de
866 1858 987 1894 salute
1010 1858 1323 1907 pertimescerent,
1347 1858 1444 1907 quod

174 1924 338 1960 locorum
367 1922 548 1971 angustiis
578 1922 694 1958 clausi
724 1921 771 1958 ab
800 1921 969 1958 hostibus
991 1921 1277 1959 obsidebantur:
1308 1920 1443 1959 deside-

176 1986 248 2022 rari
271 1992 393 2035 coepta
416 1991 471 2022 cst
496 1983 767 2034 Epaminonda)
791 1983 996 2032 diligentia.
1055 1985 1154 2022 Erat
1177 1985 1278 2022 enim
1300 1985 1352 2022 ibi
1374 1986 1443 2035 pri-

178 2056 286 2086 vatus
308 2062 461 2085 numero
485 2049 627 2085 militis.
687 2051 720 2084 2.
752 2050 788 2085 A
808 2062 878 2098 quo
898 2062 1014 2097 quum
1035 2055 1204 2097 peterent
1223 2063 1342 2098 opem,
1364 2050 1443 2086 nul-

180 2114 251 2150 ’am
272 2111 445 2150 adhibuit
465 2112 687 2149 memoriani
706 2113 941 2149 contumeliae
961 2118 999 2149 et
1018 2112 1236 2156 exercitum,
1258 2111 1443 2150 obsidione

173 2177 385 2220 ⁴speratum,
407 2175 562 2213 domum
585 2175 733 2213 reduxit
752 2176 990 2213 incolumem.
1043 2178 1083 2212 3.
1114 2175 1249 2225 Neque
1268 2190 1354 2213 vero
1374 2177 1443 2213 hoc

174 2241 288 2278 semel
307 2240 405 2284 fecit,
428 2241 490 2277 sed
510 2240 653 2289 saepius.
711 2239 885 2276 Maxime
909 2246 1038 2276 autem
1061 2239 1132 2277 suit
1151 2239 1304 2283 illustre,
1326 2253 1443 2289 quum

173 2318 212 2342 m
228 2304 524 2354 Pelopomiosum
543 2303 751 2341 exercitum
765 2301 931 2340 duxisset
948 2303 1125 2341 adversus
1140 2304 1444 2341 Lacedaemonios

175 2367 402 2417 haberetque
431 2368 590 2416 collegas
619 2366 718 2411 duos,
743 2380 899 2416 quorum
929 2367 1023 2404 alter
1051 2373 1132 2404 erat
1155 2365 1361 2417 Pelopidas,
1386 2366 1443 2403 vir

177 2432 276 2469 sortis
300 2445 344 2469 ac
366 2438 548 2468 strenuus.
607 2431 661 2468 Hi
681 2445 797 2480 quum
817 2429 1034 2468 criminibus
1054 2430 1348 2467 adversariorum
1367 2442 1441 2466 om-

177 2508 240 2532 nes
259 2495 297 2533 in
317 2495 498 2532 invidiam
514 2495 713 2537 venissent,
731 2496 776 2531 ob
791 2508 949 2543 canique
965 2508 1043 2531 rem
1064 2493 1262 2544 imperium
1276 2493 1334 2530 his
1348 2498 1441 2531 esset
