1575 2771
366 529 543 585 VIII.
617 528 1242 585 THRASYBULUS.

642 724 675 762 C
691 725 728 761 A
744 724 777 761 P
793 724 833 761 U
850 724 886 761 Τ
924 724 957 761 Ι.

219 803 252 836 1.
284 799 581 842 THRASYBULUS,
603 799 699 848 Lyci
718 799 828 842 filius,
850 799 1102 836 Atheniensis.
1161 799 1202 836 Si
1221 813 1286 848 per
1305 813 1343 836 se
1361 798 1434 836 vir-

163 869 224 899 tus
252 862 329 899 sine
357 862 508 900 fortuna
534 861 776 912 ponderanda
804 862 863 905 sit,
891 861 1032 906 dubito,
1064 876 1113 899 an
1139 863 1239 899 hunc
1267 863 1434 912 primum

163 927 331 963 omnium
359 940 508 976 ponam.
567 925 669 964 Illud
692 927 769 963 sine
793 925 928 963 dubio:
958 926 1150 963 neminem
1172 926 1259 963 huie
1281 926 1434 976 praefero

161 989 245 1034 fide,
285 991 508 1034 constantia,
547 989 809 1039 magmtudine
847 990 974 1034 animi,
1014 990 1054 1026 in
1090 989 1256 1039 patriam
1294 1003 1431 1026 amore.

164 1056 187 1090 2
230 1054 337 1091 Nam
360 1053 458 1104 quod
479 1054 592 1091 multi
611 1055 823 1097 voluerunt,
844 1053 957 1102 pauci
979 1059 1194 1102 potuerunt,
1217 1052 1264 1090 ab
1283 1067 1358 1089 uno
1378 1059 1434 1103 ty-

162 1130 278 1154 ranno
301 1118 466 1168 patriam
489 1117 670 1162 liberare3
701 1118 788 1154 huic
811 1117 979 1165 contigit,
1001 1123 1044 1154 nt
1068 1130 1091 1153 a
1113 1117 1271 1165 triginta
1289 1130 1433 1166 oppres-

162 1195 243 1218 sam
264 1182 432 1231 tyrannis
455 1195 501 1218 ex
520 1181 702 1218 servitute
722 1181 762 1217 in
780 1180 996 1217 libertatem
1017 1179 1237 1217 vindicaret.
1286 1183 1321 1217 3.
1346 1180 1431 1225 Sed,

161 1245 281 1282 nescio
309 1259 380 1294 quo
407 1243 527 1288 modo,
553 1258 671 1294 quum
699 1257 787 1281 eum
814 1258 923 1281 nemo
953 1244 1113 1280 anteiret
1135 1244 1193 1281 his
1216 1243 1431 1287 virtutibus,

161 1310 274 1346 multi
295 1309 490 1346 nobilitate
506 1315 838 1359 praecucurrerunt.
887 1309 1063 1345 Primum
1079 1308 1344 1358 Peloponnesio
1358 1309 1432 1345 bel-

162 1373 196 1409 lo
216 1374 340 1409 multa
358 1373 418 1409 hie
439 1373 516 1409 sine
536 1371 733 1409 Alcibiade
752 1372 876 1421 gessit,
893 1372 955 1409 ille
975 1373 1121 1408 nullam
1141 1386 1221 1409 rem
1241 1372 1318 1409 sine
1338 1373 1407 1408 hoc
1424 1385 1431 1410 t

161 1451 243 1486 qua}
266 1437 328 1474 iile
347 1437 522 1474 universa
541 1437 707 1474 naturali
727 1435 890 1486 quodam
908 1437 1003 1473 bono
1024 1436 1110 1473 fecit
1131 1436 1236 1473 lucri.
1294 1440 1330 1472 4.
1358 1434 1432 1473 Sed

161 1501 227 1538 illa
246 1507 376 1538 tamen
395 1501 521 1537 onmia
541 1500 756 1538 communia
774 1499 1061 1549 imperatoribus
1081 1513 1168 1536 cum
1191 1499 1375 1536 militibus
1394 1506 1432 1536 et

161 1565 322 1608 fortuna,
344 1564 440 1614 quod
462 1565 502 1601 in
524 1564 643 1614 proeh'i
666 1578 847 1601 concursu
871 1564 950 1600 abit
973 1577 1030 1600 res
1054 1578 1076 1600 a
1100 1564 1249 1600 consilio
1270 1562 1317 1600 ad
1338 1563 1432 1600 vires

161 1629 313 1678 vimque
336 1629 600 1678 pugnantium.
658 1629 793 1677 Itaque
814 1628 900 1676 jure
921 1641 984 1664 suo
1004 1628 1185 1664 nonnulla
1205 1628 1252 1664 ab
1275 1627 1432 1676 impera-

161 1699 240 1729 tore
273 1693 389 1735 miles,
419 1693 583 1741 phu-ima
611 1705 697 1728 vero
731 1692 882 1728 fortuna
909 1690 1078 1728 vindicat
1112 1705 1222 1740 seque
1256 1691 1316 1728 hic
1348 1691 1432 1740 plus

161 1756 332 1800 valuisse,
365 1770 480 1805 quam
517 1755 621 1792 ducis
653 1754 906 1805 prudentiam,
942 1769 1029 1792 vere
1061 1762 1182 1805 potest
1215 1754 1428 1804 praedicare.

162 1823 196 1856 5.
233 1820 361 1865 Quare
398 1818 492 1856 illud
525 1819 941 1867 magnificentissimum
975 1819 1119 1855 sactum
1151 1818 1342 1867 proprium
1376 1826 1431 1855 est

162 1883 402 1932 Thrasybuli.
460 1884 567 1919 Nam
595 1896 711 1931 quum
735 1883 893 1930 triginta
916 1882 1076 1931 tyranni,
1098 1882 1282 1931 praepositi
1307 1896 1329 1918 a
1352 1882 1427 1919 La-

162 1945 404 1989 cedaemoniis,
429 1946 608 1983 servitute
636 1959 826 1995 oppressas
850 1952 1019 1982 tenerent
1042 1946 1226 1989 Athenas,
1251 1945 1430 1994 plurimos

162 2010 270 2053 cives,
292 2009 425 2059 quibus
447 2010 486 2046 in
508 2010 604 2046 bello
626 2016 796 2058 parserat
820 2009 982 2052 fortuna,
1003 2008 1144 2058 partim
1169 2009 1295 2058 patria
1317 2023 1429 2058 expu-

161 2074 299 2117 lissent,
321 2074 461 2123 partim
482 2067 762 2117 interfecissent,
782 2072 1029 2122 plurimorum
1048 2073 1146 2109 bona
1164 2072 1358 2121 publicata
1376 2072 1428 2108 in-

162 2144 217 2174 ter
236 2151 273 2174 se
293 2136 502 2174 divisissent
519 2149 526 2174 :
553 2150 628 2174 non
646 2137 767 2174 solum
785 2136 965 2186 princeps,
988 2134 1052 2173 sed
1070 2136 1187 2173 etiam
1207 2136 1305 2173 solus
1323 2135 1430 2173 initio

162 2200 302 2239 bellum
322 2201 380 2238 his
398 2199 544 2238 indixit.
