1575 2771
161 216 201 261 2,
222 214 282 269 3.]
628 229 714 256 xxv.
746 228 958 255 DATAMES.
1380 221 1429 258 61

160 329 250 354 eum
267 317 436 366 persequi
456 317 661 362 constituit,
678 317 784 367 eique
802 317 854 354 rei
873 317 1038 367 praesecit
1054 317 1273 362 Datamem,
1290 319 1434 368 propin-

160 394 278 429 quum
300 381 579 430 Paphlagonis3
609 395 773 430 namque
796 395 843 418 ex
865 381 980 418 fratre
1003 387 1040 418 et
1065 394 1183 418 sorore
1206 388 1314 419 erant
1338 383 1432 420 nati.

160 444 289 490 Quam
311 444 357 482 ob
380 458 535 482 eausam
558 445 745 482 Datames
766 445 933 494 primum
956 445 1114 494 experiri
1138 445 1269 489 voluit,
1289 440 1332 483 ut
1355 446 1433 484 sine

160 508 274 545 armis
295 508 545 558 propinquum
568 507 617 545 ad
639 508 804 545 officium
832 506 1034 545 reduceret.
1092 509 1155 546 Ad
1178 522 1291 558 quem
1313 523 1432 558 quum

158 571 321 609 venisset
343 571 420 608 sine
442 570 621 621 praesidio,
645 569 744 620 quod
767 572 815 608 ab
839 571 959 608 amico
987 573 1111 609 nullas
1133 579 1326 610 vereretur
1347 573 1432 610 insi-

158 633 249 678 dias,
273 648 380 684 paene
406 634 560 672 interiit.
617 635 725 672 Nam
748 635 881 685 Thyus
907 649 995 672 eum
1018 636 1118 673 clam
1141 636 1349 674 interficere
1371 651 1432 674 vo·

157 698 241 735 luit.
299 701 335 735 4.
370 699 469 736 Erat
505 705 630 736 mater
666 712 755 736 eum
793 700 972 744 Datame,
1006 700 1126 737 amita
1162 701 1429 751 Paphlagonis.

158 762 231 805 Ea,
261 760 350 811 quid
378 769 561 811 ageretur,
585 763 709 800 resciit
736 763 931 812 filiumque
958 764 1116 801 monuit.
1175 768 1210 801 5.
1241 766 1312 803 Ille
1340 766 1432 815 fuga

157 823 368 873 periculum
389 824 559 869 evitavit,
580 824 798 875 bellumque
818 825 954 862 indixit
975 826 1095 876 Thyn.
1154 827 1202 864 In
1221 841 1293 877 quo
1313 842 1431 877 quum

160 886 207 923 ab
227 886 492 931 Ariobarzane,
509 888 682 937 praefecto
699 889 830 938 Lydiae
850 896 888 926 et
903 889 1018 926 Ioniae
1038 890 1228 939 totiusque
1243 891 1429 940 Phrygiae,

159 949 325 988 desertus
344 958 447 995 esset,
468 952 584 988 nihilo
604 952 752 1000 segnius
770 953 1034 1001 perseveravit,
1051 953 1258 1003 vivumque
1275 955 1431 1005 Thyum

159 1014 257 1063 cepit
275 1027 363 1051 eum
381 1028 495 1051 uxore
514 1021 552 1051 et
571 1015 706 1052 liberis.

603 1199 846 1237 CAPUT
885 1199 986 1236 ΙΙΙ.

215 1276 249 1309 1.
276 1272 398 1310 Cmns
417 1272 508 1310 sacti
526 1287 573 1310 ne
592 1273 694 1322 prius
713 1272 817 1310 fama
837 1271 885 1309 ad
904 1286 1041 1321 regem,
1062 1287 1178 1323 quam
1196 1274 1283 1324 ipse,
1305 1289 1432 1325 perve-

158 1336 266 1381 niret,
293 1334 396 1374 dedit
423 1350 586 1386 operam.
644 1337 782 1385 Itaque
810 1336 984 1374 omnibus
1011 1337 1145 1381 insciis,
1175 1351 1228 1382 ec,
1258 1339 1324 1376 ubi
1352 1346 1433 1377 erat

158 1414 234 1444 rex,
255 1400 359 1437 venit
378 1407 594 1450 posteroque
614 1400 672 1437 die
693 1401 859 1450 Thyum,
881 1400 1073 1438 hominem
1095 1402 1255 1439 maximi
1274 1404 1433 1453 corporis

157 1463 387 1513 terribilique
415 1464 520 1508 facie,
545 1463 643 1513 quod
671 1470 708 1501 et
735 1465 851 1512 niger,
877 1472 914 1501 et
942 1465 1076 1514 capillo
1104 1466 1213 1514 longo
1240 1465 1432 1516 barbaque

158 1534 240 1565 orat
268 1528 459 1577 promissa,
489 1528 633 1577 optima
658 1534 762 1565 veste
788 1528 896 1572 texit,
924 1542 1040 1577 quam
1066 1535 1226 1579 satrapae
1252 1531 1345 1579 regii
1373 1545 1432 1580 ge-

158 1604 239 1628 rere
266 1598 545 1635 consueverant,
576 1592 725 1629 ornavit
754 1592 871 1629 etiam
898 1598 1028 1641 torque
1057 1599 1094 1629 et
1128 1594 1284 1631 armillis
1312 1595 1433 1632 aureis

159 1660 353 1704 ceteroque
376 1655 478 1702 regio
502 1655 632 1700 eultu;
691 1657 726 1691 2.
757 1655 843 1704 Ipse
866 1656 1002 1703 agresti
1025 1656 1164 1706 duplici
1185 1658 1345 1695 amiculo
1365 1659 1432 1695 cir-

159 1718 358 1755 cumdatus
380 1718 554 1767 hirtaque
577 1718 717 1762 tunica,
741 1732 871 1767 gerens
894 1718 934 1755 in
957 1718 1080 1768 capite
1108 1720 1259 1768 galeam
1281 1728 1432 1759 venato-

158 1782 266 1825 riam,
290 1780 424 1818 dextra
446 1795 564 1818 manu
592 1783 752 1825 clavam,
779 1781 930 1818 sinistra
952 1783 1136 1832 copulam,
1161 1797 1236 1832 qua
1258 1784 1431 1824 vinctum

159 1851 247 1883 ante
266 1859 304 1883 se
320 1845 475 1895 Thyum
495 1846 642 1894 agebat,
662 1851 706 1882 ut
726 1845 755 1882 si
775 1845 893 1882 feram
911 1846 1072 1883 bestiam
1092 1853 1246 1896 captam
1264 1846 1429 1887 duceret.

159 1911 195 1946 3.
225 1909 350 1955 Quem
372 1922 491 1958 quum
513 1922 640 1946 omnes
662 1909 912 1958 prospicerent
930 1915 1080 1959 propter
1097 1910 1308 1949 novitatem
1327 1926 1431 1950 orna-

158 1979 220 2011 tus
242 1973 484 2022 ignotamque
503 1973 674 2017 formam,
695 1972 741 2010 ob
764 1986 922 2022 eamque
945 1987 1025 2010 rem
1048 1987 1208 2022 magnus
1230 1982 1325 2014 esset
1349 1990 1429 2014 con-

160 2048 310 2074 cursus:
339 2036 412 2074 suit
434 2050 510 2074 non
531 2050 652 2081 nemo,
673 2037 736 2086 qui
760 2043 974 2085 agnosceret
994 2037 1150 2087 Thyum
1169 2039 1319 2088 regique
1338 2054 1428 2077 nun-

159 2102 283 2139 tiaret.
340 2101 468 2138 Primo
504 2115 579 2138 non
616 2099 830 2138 accredidit.
886 2104 922 2138 4.
959 2101 1096 2150 Itaque
1134 2102 1429 2141 Pharnabazum

161 2165 262 2202 misit
284 2165 531 2214 exploratum.
588 2166 625 2202 A
648 2178 719 2214 quo
742 2171 786 2201 ut
808 2177 888 2201 rem
910 2170 1057 2212 gestam
1085 2166 1275 2215 comperit,
1301 2167 1429 2203 statim

162 2227 312 2267 admitti
326 2228 448 2277 jussit,
465 2242 689 2278 magnopere
705 2227 913 2265 delectatus
928 2242 1045 2277 quum
1060 2228 1168 2272 facto,
1185 2235 1269 2266 tum
1284 2236 1428 2274 ornatu,

161 2291 202 2331 in
220 2291 359 2341 primis,
381 2290 478 2340 quod
496 2292 629 2328 nobilis
646 2305 713 2335 rex
731 2292 771 2328 in
788 2297 1015 2340 potestatem
1033 2291 1243 2341 inopinanti
1261 2300 1427 2330 venerat.

163 2358 198 2393 5.
221 2355 355 2403 Itaque
374 2354 574 2402 magnifice
595 2354 803 2390 Datamem
817 2354 1004 2402 donatum
1024 2355 1072 2391 ad
1091 2354 1296 2392 exercitum
1316 2356 1428 2401 misit,

162 2419 226 2470 qui
253 2425 338 2456 turn
365 2416 660 2455 contrahebatur
688 2417 780 2453 duce
803 2417 1052 2453 Pharnabazo
1075 2423 1113 2454 et
1136 2417 1359 2456 Tithrauste
1382 2419 1429 2458 ad

162 2483 304 2520 bellum
332 2481 571 2532 AEgyptium,
605 2481 759 2531 parique
792 2494 880 2518 eum
915 2486 1027 2530 atquo
1059 2480 1140 2518 illos
1173 2480 1327 2531 imperio
1353 2496 1431 2522 esso
