1575 2771
150 219 199 258 18
572 231 767 257 couNfflAi
800 230 987 256 NEvoTrs.
1291 215 1350 269 [2‚
1372 222 1408 257 3.

145 318 336 357 communi
355 319 471 356 classe
490 325 586 356 esset
602 319 758 355 Graeciae
774 318 886 355 simul
905 332 994 356 curn
1009 319 1211 363 Pausania,
1228 333 1299 368 quo
1319 318 1412 357 duce

146 382 368 420 Mardonius
387 388 468 419 erat
487 382 650 431 fugatus,
672 389 716 419 ut
736 395 888 419 summa
906 382 1053 431 imperii
1071 383 1255 420 maritimi
1275 384 1322 421 ab
1338 384 1413 421 La·

144 446 377 485 cedaemoniis
396 447 663 484 transferretur
684 445 732 483 ad
751 446 1014 483 Athenienses.
1068 449 1104 483 3.
1126 447 1305 496 Namque
1326 454 1414 485 anto

144 509 182 548 id
200 517 351 560 tempus
370 517 409 548 et
427 510 525 547 mari
545 517 582 547 et
602 517 704 548 terra
719 509 831 547 duces
847 517 955 548 erant
971 509 1261 548 Lacedaemonii.
1310 512 1413 549 Tum

144 581 275 612 autem
308 582 346 612 et
379 575 674 624 intemperantia
701 576 912 620 Pausaniae,
943 583 981 614 et
1006 577 1160 625 justitia
1187 577 1332 614 sactum
1360 584 1415 614 est

144 637 330 682 Aristidis,
354 645 399 676 ut
422 652 550 676 omnes
572 639 646 676 sere
670 639 844 677 civitates
868 640 1024 677 Graeciae
1053 639 1102 677 ad
1124 640 1414 678 Atheniensium

143 702 362 739 societatem
381 716 419 739 se
440 703 672 752 applicarent
687 709 726 740 et
745 702 924 741 adversus
941 703 1120 741 barbaros
1139 705 1206 742 hos
1225 703 1337 742 duces
1356 703 1416 742 de·

145 765 302 812 ligerent
322 765 402 802 sibi.

595 950 828 988 CAPUT
866 951 967 988 III.

202 1029 234 1062 1.
265 1025 372 1071 Quos
395 1039 466 1074 quo
489 1024 636 1062 facilius
658 1026 890 1074 repellerent,
913 1025 942 1062 si
961 1025 1055 1063 forte
1074 1025 1218 1063 bellurn
1238 1039 1417 1064 renovare

145 1095 379 1132 conarentur,
397 1087 446 1126 ad
461 1089 596 1126 classes
615 1087 853 1126 aedjficandas
873 1089 1131 1138 exercitusque
1148 1089 1417 1139 comparandos

144 1159 332 1202 quantum
359 1152 526 1202 pecunia:
555 1166 710 1201 quaeque
738 1152 872 1190 civitas
899 1151 1017 1196 daret,
1039 1152 1223 1190 Aristides
1251 1152 1417 1191 delectus

144 1223 211 1260 est,
236 1216 299 1266 qui
327 1216 582 1259 constitueret,
608 1216 761 1264 ejusque
791 1215 944 1253 arbitrio
973 1215 1230 1265 quadringena
1253 1223 1291 1253 ct
1315 1230 1416 1254 sexa-

145 1294 243 1329 gena
261 1280 408 1318 talenta
431 1278 629 1329 quotannis
649 1280 793 1317 Delum
812 1286 900 1317 sunt
921 1281 1069 1317 collata.
1127 1279 1174 1317 Id
1197 1280 1298 1317 enim
1321 1294 1416 1317 com-

144 1357 259 1381 mune
282 1343 458 1380 aerarium
478 1357 554 1380 esse
573 1344 785 1380 voluerunt.
843 1343 938 1389 Quae
958 1344 1077 1381 omnis
1096 1344 1255 1393 pecunia
1273 1350 1417 1393 postero

144 1413 312 1456 tempore
332 1407 506 1444 Athenas
525 1407 714 1444 translata
732 1413 798 1444 est.
849 1410 883 1443 2.
909 1408 985 1444 Hic
1005 1421 1080 1456 qua
1099 1408 1211 1445 fuerit
1232 1408 1417 1445 abstinen-

144 1471 209 1514 tia,
234 1471 384 1507 nullum
412 1477 468 1507 est
497 1471 633 1508 certius
660 1469 852 1515 indicium,
878 1485 994 1520 quam
1022 1470 1129 1520 quod,
1155 1485 1272 1520 quum
1301 1472 1416 1509 tantis

144 1532 254 1570 rebus
275 1532 491 1582 praefuisset,
512 1533 551 1569 in
575 1539 686 1570 tanta
707 1539 932 1582 paupertate
956 1532 1122 1577 decessit,
1147 1540 1202 1577 ut,
1227 1533 1289 1582 qui
1313 1534 1416 1571 effer-

144 1603 257 1640 retur,
279 1597 345 1633 vix
367 1597 569 1645 reliquerit.
611 1599 662 1650 ⁴3.
694 1597 780 1642 Quo
800 1596 945 1634 sactum
969 1603 1035 1640 est,
1057 1603 1101 1634 ut
1120 1597 1205 1633 filizc
1226 1597 1306 1645 ejus
1324 1598 1415 1647 pub-

143 1660 213 1697 lice
233 1661 423 1697 alerentur
439 1666 477 1697 et
493 1658 538 1696 dc
557 1660 749 1697 communi
768 1660 897 1697 aerario
917 1659 1064 1697 dotibus
1079 1659 1178 1697 datis
1197 1661 1415 1698 collocaren-

145 1730 218 1761 tur.
276 1723 447 1761 Decessit
468 1730 599 1761 autem
618 1724 692 1761 sere
711 1730 794 1773 post
815 1738 958 1761 annum
977 1731 1167 1774 quartum,
1185 1738 1301 1774 quam
1316 1725 1414 1762 The-

144 1788 331 1825 mistocles
350 1788 513 1825 Athenis
532 1794 613 1825 erat
633 1789 819 1838 expulsus.
