<?xml version="1.0" encoding="UTF-8"?>
<!DOCTYPE html PUBLIC "-//W3C//DTD XHTML 1.0 Transitional//EN"
    "http://www.w3.org/TR/xhtml1/DTD/xhtml1-transitional.dtd">
<html xmlns="http://www.w3.org/1999/xhtml" xml:lang="en" lang="en">
 <head>
  <title>
</title>
<meta http-equiv="Content-Type" content="text/html;charset=utf-8" />
  <meta name='ocr-system' content='tesseract 3.04.00' />
  <meta name='ocr-capabilities' content='ocr_page ocr_carea ocr_par ocr_line ocrx_word'/>
</head>
<body>
  <div class='ocr_page' id='page_1' title='image "./corneliusnepo00nepouoft_0017.png"; bbox 0 0 1575 2771; ppageno 0'>
   <div class='ocr_carea' id='block_1_1' title="bbox 516 517 1035 575">
    <p class='ocr_par' dir='ltr' id='par_1_1' title="bbox 516 517 1035 575">
     <span class='ocr_line' id='line_1_1' title="bbox 516 517 1035 575; baseline -0.002 -1"><span class='ocrx_word' id='word_1_1' title='bbox 516 517 1035 575; x_wconf 82' lang='lat' dir='ltr'><strong>PRAEFA&#39;PIO.</strong></span> 
     </span>
    </p>
   </div>
   <div class='ocr_carea' id='block_1_2' title="bbox 139 731 1413 2495">
    <p class='ocr_par' dir='ltr' id='par_1_2' title="bbox 139 731 1413 2495">
     <span class='ocr_line' id='line_1_2' title="bbox 196 731 1405 782; baseline -0.002 -11"><span class='ocrx_word' id='word_1_2' title='bbox 196 736 229 771; x_wconf 89' lang='lat'>1.</span> <span class='ocrx_word' id='word_1_3' title='bbox 259 733 353 771; x_wconf 70' lang='lat' dir='ltr'>Non</span> <span class='ocrx_word' id='word_1_4' title='bbox 386 731 525 776; x_wconf 82' lang='lat' dir='ltr'>dubito,</span> <span class='ocrx_word' id='word_1_5' title='bbox 561 732 637 770; x_wconf 86' lang='lat' dir='ltr'>fore</span> <span class='ocrx_word' id='word_1_6' title='bbox 674 733 876 782; x_wconf 86' lang='lat' dir='ltr'>plerosque,</span> <span class='ocrx_word' id='word_1_7' title='bbox 913 733 1052 776; x_wconf 81' lang='lat' dir='ltr'>Attice,</span> <span class='ocrx_word' id='word_1_8' title='bbox 1087 732 1151 782; x_wconf 87' lang='lat' dir='ltr'>qui</span> <span class='ocrx_word' id='word_1_9' title='bbox 1185 733 1256 769; x_wconf 90' lang='lat' dir='ltr'>hoc</span> <span class='ocrx_word' id='word_1_10' title='bbox 1289 745 1405 781; x_wconf 75' lang='lat' dir='ltr'>genus</span> 
     </span>
     <span class='ocr_line' id='line_1_3' title="bbox 139 795 1406 846; baseline -0.001 -13"><span class='ocrx_word' id='word_1_11' title='bbox 139 796 330 846; x_wconf 72' lang='lat' dir='ltr'>scripturae</span> <span class='ocrx_word' id='word_1_12' title='bbox 349 796 432 833; x_wconf 87' lang='lat' dir='ltr'>leve</span> <span class='ocrx_word' id='word_1_13' title='bbox 451 802 489 833; x_wconf 87' lang='lat' dir='ltr'>et</span> <span class='ocrx_word' id='word_1_14' title='bbox 507 810 582 833; x_wconf 87' lang='lat' dir='ltr'>non</span> <span class='ocrx_word' id='word_1_15' title='bbox 601 796 691 833; x_wconf 76' lang='lat' dir='ltr'>satis</span> <span class='ocrx_word' id='word_1_16' title='bbox 710 795 867 844; x_wconf 80' lang='lat' dir='ltr'>dignum</span> <span class='ocrx_word' id='word_1_17' title='bbox 887 810 1122 833; x_wconf 83' lang='lat' dir='ltr'>summorum</span> <span class='ocrx_word' id='word_1_18' title='bbox 1141 796 1308 832; x_wconf 86' lang='lat' dir='ltr'>virorum</span> <span class='ocrx_word' id='word_1_19' title='bbox 1327 809 1406 845; x_wconf 86' lang='lat' dir='ltr'>per-</span> 
     </span>
     <span class='ocr_line' id='line_1_4' title="bbox 139 857 1406 910; baseline -0.001 -14"><span class='ocrx_word' id='word_1_20' title='bbox 139 859 236 897; x_wconf 83' lang='lat' dir='ltr'>sonis</span> <span class='ocrx_word' id='word_1_21' title='bbox 249 857 433 910; x_wconf 88' lang='lat' dir='ltr'>judicent,</span> <span class='ocrx_word' id='word_1_22' title='bbox 455 872 573 907; x_wconf 89' lang='lat' dir='ltr'>quum</span> <span class='ocrx_word' id='word_1_23' title='bbox 597 860 759 896; x_wconf 80' lang='lat' dir='ltr'>relatum</span> <span class='ocrx_word' id='word_1_24' title='bbox 779 860 914 907; x_wconf 80' lang='lat' dir='ltr'>legent,</span> <span class='ocrx_word' id='word_1_25' title='bbox 936 859 1017 908; x_wconf 84' lang='lat' dir='ltr'>quis</span> <span class='ocrx_word' id='word_1_26' title='bbox 1035 859 1221 896; x_wconf 81' lang='lat' dir='ltr'>musicam</span> <span class='ocrx_word' id='word_1_27' title='bbox 1240 857 1406 896; x_wconf 81' lang='lat' dir='ltr'>docuerit</span> 
     </span>
     <span class='ocr_line' id='line_1_5' title="bbox 141 919 1406 972; baseline -0.001 -13"><span class='ocrx_word' id='word_1_28' title='bbox 141 919 468 972; x_wconf 78' lang='lat' dir='ltr'>Epaminondam3</span> <span class='ocrx_word' id='word_1_29' title='bbox 493 928 560 958; x_wconf 83' lang='lat' dir='ltr'>aut</span> <span class='ocrx_word' id='word_1_30' title='bbox 576 922 615 958; x_wconf 86' lang='lat' dir='ltr'>in</span> <span class='ocrx_word' id='word_1_31' title='bbox 629 922 708 970; x_wconf 88' lang='lat' dir='ltr'>ejus</span> <span class='ocrx_word' id='word_1_32' title='bbox 722 922 927 958; x_wconf 84' lang='lat' dir='ltr'>virtutibus</span> <span class='ocrx_word' id='word_1_33' title='bbox 942 922 1237 964; x_wconf 80' lang='lat' dir='ltr'>commemorari,</span> <span class='ocrx_word' id='word_1_34' title='bbox 1252 922 1406 958; x_wconf 82' lang='lat' dir='ltr'>saltasse</span> 
     </span>
     <span class='ocr_line' id='line_1_6' title="bbox 140 983 1407 1034; baseline -0.002 -10"><span class='ocrx_word' id='word_1_35' title='bbox 140 998 229 1024; x_wconf 87' lang='lat' dir='ltr'>eum</span> <span class='ocrx_word' id='word_1_36' title='bbox 246 983 441 1024; x_wconf 83' lang='lat' dir='ltr'>commode</span> <span class='ocrx_word' id='word_1_37' title='bbox 463 985 695 1034; x_wconf 80' lang='lat' dir='ltr'>scienterque</span> <span class='ocrx_word' id='word_1_38' title='bbox 714 984 816 1022; x_wconf 80' lang='lat' dir='ltr'>tibiis</span> <span class='ocrx_word' id='word_1_39' title='bbox 837 991 1019 1023; x_wconf 80' lang='lat' dir='ltr'>cantasse.</span> <span class='ocrx_word' id='word_1_40' title='bbox 1077 987 1112 1022; x_wconf 82' lang='lat'>2.</span> <span class='ocrx_word' id='word_1_41' title='bbox 1140 983 1215 1022; x_wconf 79' lang='lat' dir='ltr'>Sed</span> <span class='ocrx_word' id='word_1_42' title='bbox 1231 984 1273 1022; x_wconf 88' lang='lat' dir='ltr'>hi</span> <span class='ocrx_word' id='word_1_43' title='bbox 1295 990 1407 1022; x_wconf 86' lang='lat' dir='ltr'>erunt</span> 
     </span>
     <span class='ocr_line' id='line_1_7' title="bbox 142 1049 1407 1099; baseline -0.001 -12"><span class='ocrx_word' id='word_1_44' title='bbox 142 1051 227 1094; x_wconf 86' lang='lat' dir='ltr'>fere,</span> <span class='ocrx_word' id='word_1_45' title='bbox 250 1050 325 1099; x_wconf 87' lang='lat' dir='ltr'>qui,</span> <span class='ocrx_word' id='word_1_46' title='bbox 349 1055 519 1099; x_wconf 82' lang='lat' dir='ltr'>expertes</span> <span class='ocrx_word' id='word_1_47' title='bbox 541 1049 756 1086; x_wconf 84' lang='lat' dir='ltr'>litterarum</span> <span class='ocrx_word' id='word_1_48' title='bbox 779 1049 1012 1093; x_wconf 79' lang='lat' dir='ltr'>Graecarum,</span> <span class='ocrx_word' id='word_1_49' title='bbox 1037 1049 1131 1086; x_wconf 85' lang='lat' dir='ltr'>nihil</span> <span class='ocrx_word' id='word_1_50' title='bbox 1154 1056 1311 1093; x_wconf 84' lang='lat' dir='ltr'>rectum,</span> <span class='ocrx_word' id='word_1_51' title='bbox 1336 1050 1407 1087; x_wconf 87' lang='lat' dir='ltr'>nisi</span> 
     </span>
     <span class='ocr_line' id='line_1_8' title="bbox 139 1111 1406 1163; baseline 0 -13"><span class='ocrx_word' id='word_1_52' title='bbox 139 1112 238 1163; x_wconf 91' lang='lat' dir='ltr'>quod</span> <span class='ocrx_word' id='word_1_53' title='bbox 259 1113 425 1163; x_wconf 83' lang='lat' dir='ltr'>ipsorum</span> <span class='ocrx_word' id='word_1_54' title='bbox 446 1111 612 1149; x_wconf 86' lang='lat' dir='ltr'>moribus</span> <span class='ocrx_word' id='word_1_55' title='bbox 635 1112 845 1156; x_wconf 82' lang='lat' dir='ltr'>conveniat,</span> <span class='ocrx_word' id='word_1_56' title='bbox 866 1111 1069 1162; x_wconf 83' lang='lat' dir='ltr'>putabunt.</span> <span class='ocrx_word' id='word_1_57' title='bbox 1127 1115 1163 1150; x_wconf 86' lang='lat'>3.</span> <span class='ocrx_word' id='word_1_58' title='bbox 1194 1113 1249 1150; x_wconf 80' lang='lat' dir='ltr'>Hi</span> <span class='ocrx_word' id='word_1_59' title='bbox 1268 1113 1298 1150; x_wconf 86' lang='lat' dir='ltr'>si</span> <span class='ocrx_word' id='word_1_60' title='bbox 1317 1111 1406 1150; x_wconf 79' lang='lat' dir='ltr'>didi-</span> 
     </span>
     <span class='ocr_line' id='line_1_9' title="bbox 140 1175 1408 1226; baseline -0.001 -11"><span class='ocrx_word' id='word_1_61' title='bbox 140 1178 270 1221; x_wconf 88' lang='lat' dir='ltr'>cerint,</span> <span class='ocrx_word' id='word_1_62' title='bbox 294 1188 376 1214; x_wconf 87' lang='lat' dir='ltr'>non·</span> <span class='ocrx_word' id='word_1_63' title='bbox 395 1175 528 1214; x_wconf 81' lang='lat' dir='ltr'>eadem</span> <span class='ocrx_word' id='word_1_64' title='bbox 554 1175 727 1213; x_wconf 85' lang='lat' dir='ltr'>omnibus</span> <span class='ocrx_word' id='word_1_65' title='bbox 755 1189 832 1213; x_wconf 88' lang='lat' dir='ltr'>esse</span> <span class='ocrx_word' id='word_1_66' title='bbox 859 1176 1017 1213; x_wconf 79' lang='lat' dir='ltr'>honesta</span> <span class='ocrx_word' id='word_1_67' title='bbox 1045 1183 1157 1226; x_wconf 84' lang='lat' dir='ltr'>atque</span> <span class='ocrx_word' id='word_1_68' title='bbox 1184 1177 1322 1226; x_wconf 81' lang='lat' dir='ltr'>turpia,</span> <span class='ocrx_word' id='word_1_69' title='bbox 1344 1176 1408 1214; x_wconf 87' lang='lat' dir='ltr'>sed</span> 
     </span>
     <span class='ocr_line' id='line_1_10' title="bbox 140 1239 1408 1289; baseline 0 -11"><span class='ocrx_word' id='word_1_70' title='bbox 140 1240 269 1278; x_wconf 74' lang='lat' dir='ltr'>omnia</span> <span class='ocrx_word' id='word_1_71' title='bbox 293 1241 483 1289; x_wconf 85' lang='lat' dir='ltr'>majorum</span> <span class='ocrx_word' id='word_1_72' title='bbox 509 1240 692 1278; x_wconf 85' lang='lat' dir='ltr'>institutis</span> <span class='ocrx_word' id='word_1_73' title='bbox 709 1239 886 1288; x_wconf 83' lang='lat' dir='ltr'>judicari,</span> <span class='ocrx_word' id='word_1_74' title='bbox 911 1254 986 1277; x_wconf 87' lang='lat' dir='ltr'>non</span> <span class='ocrx_word' id='word_1_75' title='bbox 1012 1239 1315 1285; x_wconf 82' lang='lat' dir='ltr'>admirabuntur,</span> <span class='ocrx_word' id='word_1_76' title='bbox 1342 1254 1408 1278; x_wconf 83' lang='lat' dir='ltr'>nos</span> 
     </span>
     <span class='ocr_line' id='line_1_11' title="bbox 140 1303 1404 1353; baseline 0 -12"><span class='ocrx_word' id='word_1_77' title='bbox 140 1304 181 1342; x_wconf 87' lang='lat' dir='ltr'>in</span> <span class='ocrx_word' id='word_1_78' title='bbox 211 1304 415 1341; x_wconf 82' lang='lat' dir='ltr'>Graiorum</span> <span class='ocrx_word' id='word_1_79' title='bbox 442 1303 647 1341; x_wconf 83' lang='lat' dir='ltr'>virtutibus</span> <span class='ocrx_word' id='word_1_80' title='bbox 679 1303 904 1353; x_wconf 79' lang='lat' dir='ltr'>exponendis</span> <span class='ocrx_word' id='word_1_81' title='bbox 936 1318 1056 1341; x_wconf 84' lang='lat' dir='ltr'>mores</span> <span class='ocrx_word' id='word_1_82' title='bbox 1089 1318 1218 1341; x_wconf 87' lang='lat' dir='ltr'>eorum</span> <span class='ocrx_word' id='word_1_83' title='bbox 1251 1310 1404 1341; x_wconf 83' lang='lat' dir='ltr'>secutos.</span> 
     </span>
     <span class='ocr_line' id='line_1_12' title="bbox 141 1367 1406 1417; baseline 0 -13"><span class='ocrx_word' id='word_1_84' title='bbox 141 1370 178 1404; x_wconf 87' lang='lat'>4.</span> <span class='ocrx_word' id='word_1_85' title='bbox 200 1367 336 1417; x_wconf 89' lang='lat' dir='ltr'>Neque</span> <span class='ocrx_word' id='word_1_86' title='bbox 351 1367 451 1404; x_wconf 89' lang='lat' dir='ltr'>enim</span> <span class='ocrx_word' id='word_1_87' title='bbox 465 1367 614 1404; x_wconf 84' lang='lat' dir='ltr'>Cimoni</span> <span class='ocrx_word' id='word_1_88' title='bbox 629 1367 701 1404; x_wconf 81' lang='lat' dir='ltr'>fuit</span> <span class='ocrx_word' id='word_1_89' title='bbox 717 1373 837 1416; x_wconf 86' lang='lat' dir='ltr'>turpe,</span> <span class='ocrx_word' id='word_1_90' title='bbox 852 1367 1143 1404; x_wconf 79' lang='lat' dir='ltr'>Atheniensium</span> <span class='ocrx_word' id='word_1_91' title='bbox 1158 1381 1304 1405; x_wconf 88' lang='lat' dir='ltr'>summo</span> <span class='ocrx_word' id='word_1_92' title='bbox 1317 1368 1406 1412; x_wconf 86' lang='lat' dir='ltr'>viro,</span> 
     </span>
     <span class='ocr_line' id='line_1_13' title="bbox 142 1430 1408 1482; baseline 0 -14"><span class='ocrx_word' id='word_1_93' title='bbox 142 1445 303 1468; x_wconf 77' lang='lat' dir='ltr'>sororem</span> <span class='ocrx_word' id='word_1_94' title='bbox 335 1445 559 1482; x_wconf 83' lang='lat' dir='ltr'>germanam</span> <span class='ocrx_word' id='word_1_95' title='bbox 588 1430 727 1468; x_wconf 84' lang='lat' dir='ltr'>habere</span> <span class='ocrx_word' id='word_1_96' title='bbox 760 1431 800 1467; x_wconf 91' lang='lat' dir='ltr'>in</span> <span class='ocrx_word' id='word_1_97' title='bbox 832 1431 1096 1469; x_wconf 83' lang='lat' dir='ltr'>matrimonio:</span> <span class='ocrx_word' id='word_1_98' title='bbox 1127 1432 1262 1481; x_wconf 88' lang='lat' dir='ltr'>quippe</span> <span class='ocrx_word' id='word_1_99' title='bbox 1289 1445 1408 1481; x_wconf 88' lang='lat' dir='ltr'>quum</span> 
     </span>
     <span class='ocr_line' id='line_1_14' title="bbox 143 1492 1409 1542; baseline -0.001 -12"><span class='ocrx_word' id='word_1_100' title='bbox 143 1494 242 1530; x_wconf 84' lang='lat' dir='ltr'>cives</span> <span class='ocrx_word' id='word_1_101' title='bbox 263 1494 342 1542; x_wconf 82' lang='lat' dir='ltr'>ejus</span> <span class='ocrx_word' id='word_1_102' title='bbox 364 1492 494 1530; x_wconf 88' lang='lat' dir='ltr'>eodem</span> <span class='ocrx_word' id='word_1_103' title='bbox 513 1499 710 1530; x_wconf 86' lang='lat' dir='ltr'>uterentur</span> <span class='ocrx_word' id='word_1_104' title='bbox 729 1493 912 1530; x_wconf 87' lang='lat' dir='ltr'>instituto.</span> <span class='ocrx_word' id='word_1_105' title='bbox 971 1494 1026 1530; x_wconf 91' lang='lat' dir='ltr'>At</span> <span class='ocrx_word' id='word_1_106' title='bbox 1047 1492 1084 1530; x_wconf 89' lang='lat' dir='ltr'>id</span> <span class='ocrx_word' id='word_1_107' title='bbox 1103 1492 1254 1542; x_wconf 88' lang='lat' dir='ltr'>quidem</span> <span class='ocrx_word' id='word_1_108' title='bbox 1276 1493 1409 1530; x_wconf 86' lang='lat' dir='ltr'>nostris</span> 
     </span>
     <span class='ocr_line' id='line_1_15' title="bbox 142 1555 1408 1595; baseline -0.001 -1"><span class='ocrx_word' id='word_1_109' title='bbox 142 1557 307 1594; x_wconf 87' lang='lat' dir='ltr'>moribus</span> <span class='ocrx_word' id='word_1_110' title='bbox 333 1557 439 1594; x_wconf 82' lang='lat' dir='ltr'>nefas</span> <span class='ocrx_word' id='word_1_111' title='bbox 465 1556 640 1594; x_wconf 82' lang='lat' dir='ltr'>habetur.</span> <span class='ocrx_word' id='word_1_112' title='bbox 697 1556 825 1595; x_wconf 81' lang='lat' dir='ltr'>Laudi</span> <span class='ocrx_word' id='word_1_113' title='bbox 852 1557 892 1594; x_wconf 90' lang='lat' dir='ltr'>in</span> <span class='ocrx_word' id='word_1_114' title='bbox 915 1557 1066 1594; x_wconf 77' lang='lat' dir='ltr'>Graecia</span> <span class='ocrx_word' id='word_1_115' title='bbox 1093 1555 1244 1594; x_wconf 85' lang='lat' dir='ltr'>ducitur</span> <span class='ocrx_word' id='word_1_116' title='bbox 1272 1555 1408 1593; x_wconf 83' lang='lat' dir='ltr'>adoles-</span> 
     </span>
     <span class='ocr_line' id='line_1_16' title="bbox 143 1619 1409 1669; baseline -0.001 -12"><span class='ocrx_word' id='word_1_117' title='bbox 143 1621 312 1664; x_wconf 85' lang='lat' dir='ltr'>centulis,</span> <span class='ocrx_word' id='word_1_118' title='bbox 333 1634 449 1669; x_wconf 81' lang='lat' dir='ltr'>quam</span> <span class='ocrx_word' id='word_1_119' title='bbox 471 1621 650 1669; x_wconf 87' lang='lat' dir='ltr'>plurimos</span> <span class='ocrx_word' id='word_1_120' title='bbox 671 1620 809 1657; x_wconf 80' lang='lat' dir='ltr'>habere</span> <span class='ocrx_word' id='word_1_121' title='bbox 834 1627 1031 1657; x_wconf 82' lang='lat' dir='ltr'>amatores.</span> <span class='ocrx_word' id='word_1_122' title='bbox 1088 1621 1211 1656; x_wconf 84' lang='lat' dir='ltr'>Nulla</span> <span class='ocrx_word' id='word_1_123' title='bbox 1233 1619 1409 1656; x_wconf 78' lang='lat' dir='ltr'>Lacedae-</span> 
     </span>
     <span class='ocr_line' id='line_1_17' title="bbox 144 1682 1409 1732; baseline 0 -12"><span class='ocrx_word' id='word_1_124' title='bbox 144 1684 246 1721; x_wconf 90' lang='lat' dir='ltr'>moni</span> <span class='ocrx_word' id='word_1_125' title='bbox 265 1690 347 1720; x_wconf 85' lang='lat' dir='ltr'>tam</span> <span class='ocrx_word' id='word_1_126' title='bbox 366 1690 422 1720; x_wconf 86' lang='lat' dir='ltr'>est</span> <span class='ocrx_word' id='word_1_127' title='bbox 441 1682 574 1720; x_wconf 74' lang='lat' dir='ltr'>nobilis</span> <span class='ocrx_word' id='word_1_128' title='bbox 589 1682 715 1726; x_wconf 80' lang='lat' dir='ltr'>vidua,</span> <span class='ocrx_word' id='word_1_129' title='bbox 733 1697 814 1732; x_wconf 63' lang='lat' dir='ltr'>quie</span> <span class='ocrx_word' id='word_1_130' title='bbox 831 1697 904 1720; x_wconf 92' lang='lat' dir='ltr'>non</span> <span class='ocrx_word' id='word_1_131' title='bbox 926 1683 974 1720; x_wconf 84' lang='lat' dir='ltr'>ad</span> <span class='ocrx_word' id='word_1_132' title='bbox 995 1696 1143 1720; x_wconf 83' lang='lat' dir='ltr'>eoenam</span> <span class='ocrx_word' id='word_1_133' title='bbox 1162 1690 1225 1720; x_wconf 85' lang='lat' dir='ltr'>eat</span> <span class='ocrx_word' id='word_1_134' title='bbox 1238 1682 1409 1720; x_wconf 83' lang='lat' dir='ltr'>mercede</span> 
     </span>
     <span class='ocr_line' id='line_1_18' title="bbox 144 1745 1409 1794; baseline 0 -10"><span class='ocrx_word' id='word_1_135' title='bbox 144 1746 364 1784; x_wconf 77' lang='lat' dir='ltr'>condictam.</span> <span class='ocrx_word' id='word_1_136' title='bbox 390 1749 425 1783; x_wconf 85' lang='lat'>5.</span> <span class='ocrx_word' id='word_1_137' title='bbox 451 1747 606 1794; x_wconf 76' lang='lat' dir='ltr'>Magnis</span> <span class='ocrx_word' id='word_1_138' title='bbox 624 1747 663 1783; x_wconf 89' lang='lat' dir='ltr'>in</span> <span class='ocrx_word' id='word_1_139' title='bbox 682 1745 856 1783; x_wconf 77' lang='lat' dir='ltr'>laudibus</span> <span class='ocrx_word' id='word_1_140' title='bbox 875 1753 957 1783; x_wconf 83' lang='lat' dir='ltr'>tota</span> <span class='ocrx_word' id='word_1_141' title='bbox 976 1746 1050 1783; x_wconf 85' lang='lat' dir='ltr'>fere</span> <span class='ocrx_word' id='word_1_142' title='bbox 1070 1747 1141 1783; x_wconf 88' lang='lat' dir='ltr'>fuit</span> <span class='ocrx_word' id='word_1_143' title='bbox 1157 1747 1317 1790; x_wconf 64' lang='lat' dir='ltr'>Graecia,</span> <span class='ocrx_word' id='word_1_144' title='bbox 1336 1748 1409 1784; x_wconf 84' lang='lat' dir='ltr'>vie-</span> 
     </span>
     <span class='ocr_line' id='line_1_19' title="bbox 144 1808 1410 1860; baseline -0.002 -12"><span class='ocrx_word' id='word_1_145' title='bbox 144 1818 264 1848; x_wconf 84' lang='lat' dir='ltr'>torem</span> <span class='ocrx_word' id='word_1_146' title='bbox 280 1810 464 1860; x_wconf 84' lang='lat' dir='ltr'>Olympiae</span> <span class='ocrx_word' id='word_1_147' title='bbox 480 1810 589 1846; x_wconf 81' lang='lat' dir='ltr'>citari</span> <span class='ocrx_word' id='word_1_148' title='bbox 604 1823 612 1854; x_wconf 81' lang='lat'>3</span> <span class='ocrx_word' id='word_1_149' title='bbox 637 1810 676 1846; x_wconf 86' lang='lat' dir='ltr'>in</span> <span class='ocrx_word' id='word_1_150' title='bbox 696 1823 846 1846; x_wconf 79' lang='lat' dir='ltr'>scenam</span> <span class='ocrx_word' id='word_1_151' title='bbox 862 1823 948 1846; x_wconf 83' lang='lat' dir='ltr'>vero</span> <span class='ocrx_word' id='word_1_152' title='bbox 967 1808 1111 1858; x_wconf 75' lang='lat' dir='ltr'>prodire</span> <span class='ocrx_word' id='word_1_153' title='bbox 1126 1817 1164 1847; x_wconf 89' lang='lat' dir='ltr'>et</span> <span class='ocrx_word' id='word_1_154' title='bbox 1180 1811 1314 1859; x_wconf 92' lang='lat' dir='ltr'>populo</span> <span class='ocrx_word' id='word_1_155' title='bbox 1334 1824 1410 1847; x_wconf 84' lang='lat' dir='ltr'>esse</span> 
     </span>
     <span class='ocr_line' id='line_1_20' title="bbox 144 1872 1410 1924; baseline -0.001 -13"><span class='ocrx_word' id='word_1_156' title='bbox 144 1874 367 1924; x_wconf 81' lang='lat' dir='ltr'>spectaculo,</span> <span class='ocrx_word' id='word_1_157' title='bbox 384 1873 527 1910; x_wconf 88' lang='lat' dir='ltr'>nemini</span> <span class='ocrx_word' id='word_1_158' title='bbox 541 1873 580 1910; x_wconf 88' lang='lat' dir='ltr'>in</span> <span class='ocrx_word' id='word_1_159' title='bbox 599 1872 738 1910; x_wconf 86' lang='lat' dir='ltr'>eisdem</span> <span class='ocrx_word' id='word_1_160' title='bbox 752 1872 927 1921; x_wconf 86' lang='lat' dir='ltr'>gentibus</span> <span class='ocrx_word' id='word_1_161' title='bbox 942 1873 1013 1910; x_wconf 86' lang='lat' dir='ltr'>fuit</span> <span class='ocrx_word' id='word_1_162' title='bbox 1030 1872 1266 1923; x_wconf 85' lang='lat' dir='ltr'>turpitudini.</span> <span class='ocrx_word' id='word_1_163' title='bbox 1315 1874 1410 1919; x_wconf 80' lang='lat' dir='ltr'>Quae</span> 
     </span>
     <span class='ocr_line' id='line_1_21' title="bbox 144 1936 1411 1987; baseline 0 -12"><span class='ocrx_word' id='word_1_164' title='bbox 144 1938 271 1975; x_wconf 86' lang='lat' dir='ltr'>omnia</span> <span class='ocrx_word' id='word_1_165' title='bbox 295 1936 394 1987; x_wconf 84' lang='lat' dir='ltr'>apud</span> <span class='ocrx_word' id='word_1_166' title='bbox 416 1951 481 1974; x_wconf 90' lang='lat' dir='ltr'>nos</span> <span class='ocrx_word' id='word_1_167' title='bbox 503 1937 644 1986; x_wconf 87' lang='lat' dir='ltr'>partim</span> <span class='ocrx_word' id='word_1_168' title='bbox 672 1937 840 1981; x_wconf 81' lang='lat' dir='ltr'>infamia,</span> <span class='ocrx_word' id='word_1_169' title='bbox 864 1938 1005 1986; x_wconf 84' lang='lat' dir='ltr'>partim</span> <span class='ocrx_word' id='word_1_170' title='bbox 1032 1938 1194 1974; x_wconf 82' lang='lat' dir='ltr'>humilia</span> <span class='ocrx_word' id='word_1_171' title='bbox 1221 1944 1334 1986; x_wconf 80' lang='lat' dir='ltr'>atquc</span> <span class='ocrx_word' id='word_1_172' title='bbox 1363 1937 1411 1975; x_wconf 87' lang='lat' dir='ltr'>ab</span> 
     </span>
     <span class='ocr_line' id='line_1_22' title="bbox 144 2001 1413 2051; baseline -0.001 -12"><span class='ocrx_word' id='word_1_173' title='bbox 144 2001 341 2039; x_wconf 82' lang='lat' dir='ltr'>honestate</span> <span class='ocrx_word' id='word_1_174' title='bbox 360 2007 507 2038; x_wconf 82' lang='lat' dir='ltr'>remota</span> <span class='ocrx_word' id='word_1_175' title='bbox 525 2007 726 2051; x_wconf 86' lang='lat' dir='ltr'>ponuntur.</span> <span class='ocrx_word' id='word_1_176' title='bbox 784 2004 819 2037; x_wconf 82' lang='grc'>6.</span> <span class='ocrx_word' id='word_1_177' title='bbox 851 2001 995 2038; x_wconf 81' lang='lat' dir='ltr'>Contra</span> <span class='ocrx_word' id='word_1_178' title='bbox 1015 2014 1060 2037; x_wconf 78' lang='lat' dir='ltr'>ea</span> <span class='ocrx_word' id='word_1_179' title='bbox 1082 2002 1259 2050; x_wconf 80' lang='lat' dir='ltr'>pleraque</span> <span class='ocrx_word' id='word_1_180' title='bbox 1278 2002 1413 2038; x_wconf 87' lang='lat' dir='ltr'>nostris</span> 
     </span>
     <span class='ocr_line' id='line_1_23' title="bbox 145 2063 1412 2114; baseline 0 -12"><span class='ocrx_word' id='word_1_181' title='bbox 145 2064 311 2102; x_wconf 87' lang='lat' dir='ltr'>moribus</span> <span class='ocrx_word' id='word_1_182' title='bbox 325 2071 414 2101; x_wconf 88' lang='lat' dir='ltr'>sunt</span> <span class='ocrx_word' id='word_1_183' title='bbox 428 2063 571 2108; x_wconf 84' lang='lat' dir='ltr'>decora,</span> <span class='ocrx_word' id='word_1_184' title='bbox 589 2078 670 2113; x_wconf 85' lang='lat' dir='ltr'>quae</span> <span class='ocrx_word' id='word_1_185' title='bbox 687 2063 788 2113; x_wconf 87' lang='lat' dir='ltr'>apud</span> <span class='ocrx_word' id='word_1_186' title='bbox 802 2064 884 2101; x_wconf 87' lang='lat' dir='ltr'>illos</span> <span class='ocrx_word' id='word_1_187' title='bbox 899 2065 1026 2114; x_wconf 84' lang='lat' dir='ltr'>turpia</span> <span class='ocrx_word' id='word_1_188' title='bbox 1041 2071 1238 2114; x_wconf 87' lang='lat' dir='ltr'>putantur.</span> <span class='ocrx_word' id='word_1_189' title='bbox 1287 2065 1412 2110; x_wconf 85' lang='lat' dir='ltr'>Quem</span> 
     </span>
     <span class='ocr_line' id='line_1_24' title="bbox 145 2126 1412 2176; baseline -0.001 -11"><span class='ocrx_word' id='word_1_190' title='bbox 145 2128 247 2165; x_wconf 86' lang='lat' dir='ltr'>enim</span> <span class='ocrx_word' id='word_1_191' title='bbox 265 2128 529 2165; x_wconf 82' lang='lat' dir='ltr'>Romanorum</span> <span class='ocrx_word' id='word_1_192' title='bbox 548 2126 663 2176; x_wconf 88' lang='lat' dir='ltr'>pudet</span> <span class='ocrx_word' id='word_1_193' title='bbox 683 2141 838 2164; x_wconf 70' lang='lat' dir='ltr'>uxorem</span> <span class='ocrx_word' id='word_1_194' title='bbox 857 2126 990 2164; x_wconf 90' lang='lat' dir='ltr'>ducere</span> <span class='ocrx_word' id='word_1_195' title='bbox 1010 2128 1049 2164; x_wconf 87' lang='lat' dir='ltr'>in</span> <span class='ocrx_word' id='word_1_196' title='bbox 1068 2128 1284 2165; x_wconf 85' lang='lat' dir='ltr'>convivium</span> <span class='ocrx_word' id='word_1_197' title='bbox 1300 2128 1314 2164; x_wconf 75' lang='lat'>?</span> <span class='ocrx_word' id='word_1_198' title='bbox 1345 2134 1412 2165; x_wconf 85' lang='lat' dir='ltr'>aut</span> 
     </span>
     <span class='ocr_line' id='line_1_25' title="bbox 147 2190 1412 2240; baseline 0 -13"><span class='ocrx_word' id='word_1_199' title='bbox 147 2192 254 2239; x_wconf 86' lang='lat' dir='ltr'>cujus</span> <span class='ocrx_word' id='word_1_200' title='bbox 276 2205 352 2228; x_wconf 90' lang='lat' dir='ltr'>non</span> <span class='ocrx_word' id='word_1_201' title='bbox 373 2190 661 2227; x_wconf 77' lang='lat' dir='ltr'>materfamilias</span> <span class='ocrx_word' id='word_1_202' title='bbox 684 2191 850 2239; x_wconf 87' lang='lat' dir='ltr'>primum</span> <span class='ocrx_word' id='word_1_203' title='bbox 873 2191 998 2228; x_wconf 89' lang='lat' dir='ltr'>locum</span> <span class='ocrx_word' id='word_1_204' title='bbox 1021 2198 1124 2228; x_wconf 86' lang='lat' dir='ltr'>tenet</span> <span class='ocrx_word' id='word_1_205' title='bbox 1144 2190 1280 2228; x_wconf 83' lang='lat' dir='ltr'>aedium</span> <span class='ocrx_word' id='word_1_206' title='bbox 1300 2198 1412 2240; x_wconf 76' lang='lat' dir='ltr'>atque</span> 
     </span>
     <span class='ocr_line' id='line_1_26' title="bbox 146 2253 1408 2299; baseline 0 -8"><span class='ocrx_word' id='word_1_207' title='bbox 146 2254 187 2292; x_wconf 80' lang='lat' dir='ltr'>in</span> <span class='ocrx_word' id='word_1_208' title='bbox 214 2253 430 2291; x_wconf 81' lang='lat' dir='ltr'>celebritate</span> <span class='ocrx_word' id='word_1_209' title='bbox 452 2254 653 2291; x_wconf 73' lang='lat' dir='ltr'>versatur?</span> <span class='ocrx_word' id='word_1_210' title='bbox 712 2253 821 2299; x_wconf 83' lang='lat' dir='ltr'>Quod</span> <span class='ocrx_word' id='word_1_211' title='bbox 843 2256 963 2291; x_wconf 82' lang='lat' dir='ltr'>multo</span> <span class='ocrx_word' id='word_1_212' title='bbox 986 2256 1030 2292; x_wconf 84' lang='lat' dir='ltr'>fit</span> <span class='ocrx_word' id='word_1_213' title='bbox 1054 2256 1163 2292; x_wconf 86' lang='lat' dir='ltr'>aliter</span> <span class='ocrx_word' id='word_1_214' title='bbox 1185 2256 1224 2292; x_wconf 86' lang='lat' dir='ltr'>in</span> <span class='ocrx_word' id='word_1_215' title='bbox 1247 2255 1408 2292; x_wconf 73' lang='lat' dir='ltr'>Graecia.</span> 
     </span>
     <span class='ocr_line' id='line_1_27' title="bbox 149 2317 1410 2368; baseline -0.001 -12"><span class='ocrx_word' id='word_1_216' title='bbox 149 2319 184 2356; x_wconf 89' lang='grc'>7.</span> <span class='ocrx_word' id='word_1_217' title='bbox 214 2318 321 2355; x_wconf 83' lang='lat' dir='ltr'>Nam</span> <span class='ocrx_word' id='word_1_218' title='bbox 344 2331 463 2366; x_wconf 86' lang='lat' dir='ltr'>neque</span> <span class='ocrx_word' id='word_1_219' title='bbox 483 2318 522 2354; x_wconf 91' lang='lat' dir='ltr'>in</span> <span class='ocrx_word' id='word_1_220' title='bbox 541 2318 757 2354; x_wconf 77' lang='lat' dir='ltr'>convivium</span> <span class='ocrx_word' id='word_1_221' title='bbox 778 2317 987 2362; x_wconf 78' lang='lat' dir='ltr'>adhibetur,</span> <span class='ocrx_word' id='word_1_222' title='bbox 1009 2319 1078 2356; x_wconf 87' lang='lat' dir='ltr'>nisi</span> <span class='ocrx_word' id='word_1_223' title='bbox 1098 2320 1410 2368; x_wconf 85' lang='lat' dir='ltr'>propinquorum;</span> 
     </span>
     <span class='ocr_line' id='line_1_28' title="bbox 147 2379 1413 2431; baseline 0 -12"><span class='ocrx_word' id='word_1_224' title='bbox 147 2395 267 2431; x_wconf 89' lang='lat' dir='ltr'>neque</span> <span class='ocrx_word' id='word_1_225' title='bbox 286 2379 399 2424; x_wconf 86' lang='lat' dir='ltr'>sedet,</span> <span class='ocrx_word' id='word_1_226' title='bbox 416 2380 486 2417; x_wconf 88' lang='lat' dir='ltr'>nisi</span> <span class='ocrx_word' id='word_1_227' title='bbox 501 2380 540 2416; x_wconf 88' lang='lat' dir='ltr'>in</span> <span class='ocrx_word' id='word_1_228' title='bbox 555 2380 727 2417; x_wconf 82' lang='lat' dir='ltr'>interiore</span> <span class='ocrx_word' id='word_1_229' title='bbox 743 2388 849 2429; x_wconf 89' lang='lat' dir='ltr'>parte</span> <span class='ocrx_word' id='word_1_230' title='bbox 865 2380 1013 2425; x_wconf 59' lang='lat' dir='ltr'>aedium,</span> <span class='ocrx_word' id='word_1_231' title='bbox 1031 2396 1112 2430; x_wconf 81' lang='lat' dir='ltr'>quae</span> <span class='ocrx_word' id='word_1_232' title='bbox 1132 2384 1413 2430; x_wconf 74' lang='grc' dir='ltr'>γυναικωνῖτις</span> 
     </span>
     <span class='ocr_line' id='line_1_29' title="bbox 149 2442 1411 2495; baseline 0.002 -12"><span class='ocrx_word' id='word_1_233' title='bbox 149 2446 370 2495; x_wconf 66' lang='lat' dir='ltr'>appellatur,</span> <span class='ocrx_word' id='word_1_234' title='bbox 387 2458 459 2494; x_wconf 91' lang='lat' dir='ltr'>quo</span> <span class='ocrx_word' id='word_1_235' title='bbox 478 2457 588 2481; x_wconf 90' lang='lat' dir='ltr'>nemo</span> <span class='ocrx_word' id='word_1_236' title='bbox 609 2442 762 2488; x_wconf 79' lang='lat' dir='ltr'>accedit,</span> <span class='ocrx_word' id='word_1_237' title='bbox 780 2444 850 2481; x_wconf 77' lang='lat' dir='ltr'>nisi</span> <span class='ocrx_word' id='word_1_238' title='bbox 865 2446 1075 2495; x_wconf 84' lang='lat' dir='ltr'>propinqua</span> <span class='ocrx_word' id='word_1_239' title='bbox 1092 2447 1312 2493; x_wconf 80' lang='lat' dir='ltr'>cognatione</span> <span class='ocrx_word' id='word_1_240' title='bbox 1331 2461 1411 2485; x_wconf 43' lang='lat' dir='ltr'>con*-</span> 
     </span>
    </p>
   </div>
   <div class='ocr_carea' id='block_1_3' title="bbox 754 2506 789 2543">
    <p class='ocr_par' dir='ltr' id='par_1_3' title="bbox 754 2506 789 2543">
     <span class='ocr_line' id='line_1_30' title="bbox 754 2506 789 2543; baseline 0 0"><span class='ocrx_word' id='word_1_241' title='bbox 754 2506 789 2543; x_wconf 90' lang='lat' dir='ltr'><strong>A</strong></span> 
     </span>
    </p>
   </div>
  </div>
 </body>
</html>
