<?xml version="1.0" encoding="UTF-8"?>
<!DOCTYPE html PUBLIC "-//W3C//DTD XHTML 1.0 Transitional//EN"
    "http://www.w3.org/TR/xhtml1/DTD/xhtml1-transitional.dtd">
<html xmlns="http://www.w3.org/1999/xhtml" xml:lang="en" lang="en">
 <head>
  <title>
</title>
<meta http-equiv="Content-Type" content="text/html;charset=utf-8" />
  <meta name='ocr-system' content='tesseract 3.04.00' />
  <meta name='ocr-capabilities' content='ocr_page ocr_carea ocr_par ocr_line ocrx_word'/>
</head>
<body>
  <div class='ocr_page' id='page_1' title='image "./corneliusnepo00nepouoft_0103.png"; bbox 0 0 1575 2771; ppageno 0'>
   <div class='ocr_carea' id='block_1_1' title="bbox 135 203 1384 258">
    <p class='ocr_par' dir='ltr' id='par_1_1' title="bbox 135 203 1384 258">
     <span class='ocr_line' id='line_1_1' title="bbox 135 203 1384 258; baseline 0.002 -15"><span class='ocrx_word' id='word_1_1' title='bbox 135 207 172 251; x_wconf 81' lang='lat'>2,</span> <span class='ocrx_word' id='word_1_2' title='bbox 193 203 254 258; x_wconf 88' lang='lat'>3.]</span> <span class='ocrx_word' id='word_1_3' title='bbox 589 218 710 246; x_wconf 85' lang='lat' dir='ltr'>xvm.</span> <span class='ocrx_word' id='word_1_4' title='bbox 732 218 940 246; x_wconf 72' lang='grc' dir='ltr'>ΕΠΜΕΝΕΒ.</span> <span class='ocrx_word' id='word_1_5' title='bbox 1332 210 1384 246; x_wconf 81' lang='grc'>87</span> 
     </span>
    </p>
   </div>
   <div class='ocr_carea' id='block_1_2' title="bbox 586 422 930 459">
    <p class='ocr_par' dir='ltr' id='par_1_2' title="bbox 586 422 930 459">
     <span class='ocr_line' id='line_1_2' title="bbox 586 422 930 459; baseline -0.003 0"><span class='ocrx_word' id='word_1_6' title='bbox 586 422 825 459; x_wconf 90' lang='lat' dir='ltr'><strong>CAPUT</strong></span> <span class='ocrx_word' id='word_1_7' title='bbox 864 422 930 458; x_wconf 87' lang='lat' dir='ltr'>II.</span> 
     </span>
    </p>
   </div>
   <div class='ocr_carea' id='block_1_3' title="bbox 127 495 1391 1803">
    <p class='ocr_par' dir='ltr' id='par_1_3' title="bbox 127 495 1391 1803">
     <span class='ocr_line' id='line_1_3' title="bbox 187 495 1386 544; baseline 0.001 -13"><span class='ocrx_word' id='word_1_8' title='bbox 187 498 218 531; x_wconf 93' lang='lat'>1.</span> <span class='ocrx_word' id='word_1_9' title='bbox 243 496 488 531; x_wconf 60' lang='lat' dir='ltr'>ALnxmsDRO</span> <span class='ocrx_word' id='word_1_10' title='bbox 509 495 699 544; x_wconf 78' lang='lat' dir='ltr'>Babylone</span> <span class='ocrx_word' id='word_1_11' title='bbox 718 502 875 538; x_wconf 88' lang='lat' dir='ltr'>mortuo,</span> <span class='ocrx_word' id='word_1_12' title='bbox 893 509 1010 543; x_wconf 89' lang='lat' dir='ltr'>quum</span> <span class='ocrx_word' id='word_1_13' title='bbox 1029 508 1143 543; x_wconf 80' lang='lat' dir='ltr'>regna</span> <span class='ocrx_word' id='word_1_14' title='bbox 1162 495 1316 543; x_wconf 81' lang='lat' dir='ltr'>singulis</span> <span class='ocrx_word' id='word_1_15' title='bbox 1334 495 1386 532; x_wconf 86' lang='lat' dir='ltr'>fa·</span> 
     </span>
     <span class='ocr_line' id='line_1_4' title="bbox 129 556 1386 607; baseline 0 -13"><span class='ocrx_word' id='word_1_16' title='bbox 129 557 336 594; x_wconf 86' lang='lat' dir='ltr'>miliaribus</span> <span class='ocrx_word' id='word_1_17' title='bbox 350 557 638 607; x_wconf 70' lang='lat' dir='ltr'>dispertirentur,</span> <span class='ocrx_word' id='word_1_18' title='bbox 657 564 693 594; x_wconf 90' lang='lat' dir='ltr'>et</span> <span class='ocrx_word' id='word_1_19' title='bbox 709 571 857 594; x_wconf 88' lang='lat' dir='ltr'>summa</span> <span class='ocrx_word' id='word_1_20' title='bbox 876 571 1000 594; x_wconf 88' lang='lat' dir='ltr'>rerum</span> <span class='ocrx_word' id='word_1_21' title='bbox 1015 556 1155 594; x_wconf 86' lang='lat' dir='ltr'>tradita</span> <span class='ocrx_word' id='word_1_22' title='bbox 1169 564 1263 594; x_wconf 89' lang='lat' dir='ltr'>esset</span> <span class='ocrx_word' id='word_1_23' title='bbox 1282 565 1386 595; x_wconf 83' lang='lat' dir='ltr'>tuen-</span> 
     </span>
     <span class='ocr_line' id='line_1_5' title="bbox 129 618 1384 665; baseline 0.001 -8"><span class='ocrx_word' id='word_1_24' title='bbox 129 618 178 657; x_wconf 86' lang='lat' dir='ltr'>da</span> <span class='ocrx_word' id='word_1_25' title='bbox 204 619 336 664; x_wconf 85' lang='lat' dir='ltr'>eidem,</span> <span class='ocrx_word' id='word_1_26' title='bbox 360 621 421 657; x_wconf 92' lang='lat' dir='ltr'>cui</span> <span class='ocrx_word' id='word_1_27' title='bbox 443 621 658 657; x_wconf 76' lang='lat' dir='ltr'>Alexander</span> <span class='ocrx_word' id='word_1_28' title='bbox 684 621 843 658; x_wconf 87' lang='lat' dir='ltr'>moriens</span> <span class='ocrx_word' id='word_1_29' title='bbox 871 622 1054 658; x_wconf 88' lang='lat' dir='ltr'>annulum</span> <span class='ocrx_word' id='word_1_30' title='bbox 1082 635 1193 658; x_wconf 88' lang='lat' dir='ltr'>suum</span> <span class='ocrx_word' id='word_1_31' title='bbox 1221 620 1384 665; x_wconf 80' lang='lat' dir='ltr'>dederat,</span> 
     </span>
     <span class='ocr_line' id='line_1_6' title="bbox 128 682 1383 733; baseline 0.002 -14"><span class='ocrx_word' id='word_1_32' title='bbox 128 682 337 719; x_wconf 83' lang='lat' dir='ltr'>Perdiccae:</span> <span class='ocrx_word' id='word_1_33' title='bbox 394 686 428 719; x_wconf 78' lang='lat'>2.</span> <span class='ocrx_word' id='word_1_34' title='bbox 460 683 523 720; x_wconf 80' lang='lat' dir='ltr'>Ex</span> <span class='ocrx_word' id='word_1_35' title='bbox 545 697 616 731; x_wconf 90' lang='lat' dir='ltr'>quo</span> <span class='ocrx_word' id='word_1_36' title='bbox 639 697 764 720; x_wconf 89' lang='lat' dir='ltr'>omnes</span> <span class='ocrx_word' id='word_1_37' title='bbox 787 685 1031 732; x_wconf 85' lang='lat' dir='ltr'>conjecerant,</span> <span class='ocrx_word' id='word_1_38' title='bbox 1057 698 1144 721; x_wconf 89' lang='lat' dir='ltr'>eum</span> <span class='ocrx_word' id='word_1_39' title='bbox 1166 698 1324 733; x_wconf 79' lang='lat' dir='ltr'>regnum</span> <span class='ocrx_word' id='word_1_40' title='bbox 1352 685 1383 722; x_wconf 88' lang='lat' dir='ltr'>ei</span> 
     </span>
     <span class='ocr_line' id='line_1_7' title="bbox 128 744 1381 797; baseline 0.002 -15"><span class='ocrx_word' id='word_1_41' title='bbox 128 744 415 789; x_wconf 79' lang='lat' dir='ltr'>commendasse,</span> <span class='ocrx_word' id='word_1_42' title='bbox 440 747 562 794; x_wconf 86' lang='lat' dir='ltr'>quoad</span> <span class='ocrx_word' id='word_1_43' title='bbox 588 747 694 783; x_wconf 86' lang='lat' dir='ltr'>liberi</span> <span class='ocrx_word' id='word_1_44' title='bbox 722 748 801 795; x_wconf 84' lang='lat' dir='ltr'>ejus</span> <span class='ocrx_word' id='word_1_45' title='bbox 829 747 868 783; x_wconf 89' lang='lat' dir='ltr'>in</span> <span class='ocrx_word' id='word_1_46' title='bbox 890 761 998 783; x_wconf 88' lang='lat' dir='ltr'>suam</span> <span class='ocrx_word' id='word_1_47' title='bbox 1020 748 1181 784; x_wconf 88' lang='lat' dir='ltr'>tutelam</span> <span class='ocrx_word' id='word_1_48' title='bbox 1203 748 1381 797; x_wconf 80' lang='lat' dir='ltr'>pervenis</span> 
     </span>
     <span class='ocr_line' id='line_1_8' title="bbox 127 807 1387 859; baseline 0.002 -15"><span class='ocrx_word' id='word_1_49' title='bbox 127 815 209 845; x_wconf 88' lang='lat' dir='ltr'>sent</span> <span class='ocrx_word' id='word_1_50' title='bbox 237 807 410 858; x_wconf 89' lang='lat' dir='ltr'>(aberant</span> <span class='ocrx_word' id='word_1_51' title='bbox 438 810 539 845; x_wconf 86' lang='lat' dir='ltr'>enim</span> <span class='ocrx_word' id='word_1_52' title='bbox 569 810 748 846; x_wconf 76' lang='lat' dir='ltr'>Craterus</span> <span class='ocrx_word' id='word_1_53' title='bbox 776 817 813 846; x_wconf 88' lang='lat' dir='ltr'>et</span> <span class='ocrx_word' id='word_1_54' title='bbox 842 811 1054 859; x_wconf 77' lang='lat' dir='ltr'>Antipater,</span> <span class='ocrx_word' id='word_1_55' title='bbox 1079 811 1143 859; x_wconf 90' lang='lat' dir='ltr'>qui</span> <span class='ocrx_word' id='word_1_56' title='bbox 1171 811 1387 848; x_wconf 82' lang='lat' dir='ltr'>antecedere</span> 
     </span>
     <span class='ocr_line' id='line_1_9' title="bbox 127 870 1387 922; baseline 0.002 -15"><span class='ocrx_word' id='word_1_57' title='bbox 127 871 228 907; x_wconf 87' lang='lat' dir='ltr'>hunc</span> <span class='ocrx_word' id='word_1_58' title='bbox 247 870 472 908; x_wconf 83' lang='lat' dir='ltr'>videbantur</span> <span class='ocrx_word' id='word_1_59' title='bbox 489 885 495 908; x_wconf 89' lang='lat'>:</span> <span class='ocrx_word' id='word_1_60' title='bbox 519 879 690 909; x_wconf 91' lang='lat' dir='ltr'>mortuus</span> <span class='ocrx_word' id='word_1_61' title='bbox 709 880 789 909; x_wconf 89' lang='lat' dir='ltr'>erat</span> <span class='ocrx_word' id='word_1_62' title='bbox 809 874 1035 922; x_wconf 85' lang='lat' dir='ltr'>Hephaestio‚</span> <span class='ocrx_word' id='word_1_63' title='bbox 1053 887 1163 922; x_wconf 89' lang='lat' dir='ltr'>quem</span> <span class='ocrx_word' id='word_1_64' title='bbox 1182 887 1303 910; x_wconf 84' lang='lat' dir='ltr'>umun</span> <span class='ocrx_word' id='word_1_65' title='bbox 1322 875 1387 910; x_wconf 89' lang='lat' dir='ltr'>Al-</span> 
     </span>
     <span class='ocr_line' id='line_1_10' title="bbox 127 933 1387 985; baseline 0.002 -15"><span class='ocrx_word' id='word_1_66' title='bbox 127 935 298 978; x_wconf 81' lang='lat' dir='ltr'>exander,</span> <span class='ocrx_word' id='word_1_67' title='bbox 312 933 409 983; x_wconf 92' lang='lat' dir='ltr'>quod</span> <span class='ocrx_word' id='word_1_68' title='bbox 420 935 528 971; x_wconf 83' lang='lat' dir='ltr'>facile</span> <span class='ocrx_word' id='word_1_69' title='bbox 540 936 699 984; x_wconf 72' lang='lat' dir='ltr'>intelligi</span> <span class='ocrx_word' id='word_1_70' title='bbox 711 943 841 985; x_wconf 87' lang='lat' dir='ltr'>posset,</span> <span class='ocrx_word' id='word_1_71' title='bbox 855 936 1007 984; x_wconf 83' lang='lat' dir='ltr'>plurimi</span> <span class='ocrx_word' id='word_1_72' title='bbox 1020 937 1172 985; x_wconf 77' lang='lat' dir='ltr'>fecerat)</span> <span class='ocrx_word' id='word_1_73' title='bbox 1187 949 1193 973; x_wconf 86' lang='lat'><strong>:</strong></span> <span class='ocrx_word' id='word_1_74' title='bbox 1214 938 1282 973; x_wconf 88' lang='lat' dir='ltr'>hoc</span> <span class='ocrx_word' id='word_1_75' title='bbox 1295 944 1387 973; x_wconf 89' lang='lat' dir='ltr'>tem-</span> 
     </span>
     <span class='ocr_line' id='line_1_11' title="bbox 127 997 1388 1046; baseline 0.002 -13"><span class='ocrx_word' id='word_1_76' title='bbox 127 1011 212 1046; x_wconf 88' lang='lat' dir='ltr'>pore</span> <span class='ocrx_word' id='word_1_77' title='bbox 231 998 321 1034; x_wconf 87' lang='lat' dir='ltr'>data</span> <span class='ocrx_word' id='word_1_78' title='bbox 339 1004 394 1033; x_wconf 89' lang='lat' dir='ltr'>est</span> <span class='ocrx_word' id='word_1_79' title='bbox 414 998 579 1033; x_wconf 84' lang='lat' dir='ltr'>Eumeni</span> <span class='ocrx_word' id='word_1_80' title='bbox 601 997 850 1046; x_wconf 80' lang='lat' dir='ltr'>Cappadocia,</span> <span class='ocrx_word' id='word_1_81' title='bbox 872 998 948 1034; x_wconf 84' lang='lat' dir='ltr'>sive</span> <span class='ocrx_word' id='word_1_82' title='bbox 970 999 1094 1046; x_wconf 87' lang='lat' dir='ltr'>potius</span> <span class='ocrx_word' id='word_1_83' title='bbox 1114 999 1223 1035; x_wconf 85' lang='lat' dir='ltr'>dicta.</span> <span class='ocrx_word' id='word_1_84' title='bbox 1279 999 1388 1036; x_wconf 81' lang='lat' dir='ltr'>Nam</span> 
     </span>
     <span class='ocr_line' id='line_1_12' title="bbox 127 1060 1388 1108; baseline 0.002 -13"><span class='ocrx_word' id='word_1_85' title='bbox 127 1066 212 1096; x_wconf 87' lang='lat' dir='ltr'>tum</span> <span class='ocrx_word' id='word_1_86' title='bbox 229 1060 269 1096; x_wconf 87' lang='lat' dir='ltr'>in</span> <span class='ocrx_word' id='word_1_87' title='bbox 287 1060 452 1096; x_wconf 86' lang='lat' dir='ltr'>hostium</span> <span class='ocrx_word' id='word_1_88' title='bbox 471 1066 552 1096; x_wconf 85' lang='lat' dir='ltr'>erat</span> <span class='ocrx_word' id='word_1_89' title='bbox 571 1066 766 1108; x_wconf 85' lang='lat' dir='ltr'>potestate.</span> <span class='ocrx_word' id='word_1_90' title='bbox 825 1062 859 1096; x_wconf 82' lang='lat'>3.</span> <span class='ocrx_word' id='word_1_91' title='bbox 885 1061 1000 1096; x_wconf 74' lang='lat' dir='ltr'>Hiuic</span> <span class='ocrx_word' id='word_1_92' title='bbox 1020 1061 1089 1097; x_wconf 82' lang='lat' dir='ltr'>sibi</span> <span class='ocrx_word' id='word_1_93' title='bbox 1108 1060 1306 1098; x_wconf 83' lang='lat' dir='ltr'>Perdiccas</span> <span class='ocrx_word' id='word_1_94' title='bbox 1326 1060 1388 1098; x_wconf 89' lang='lat' dir='ltr'>ad-</span> 
     </span>
     <span class='ocr_line' id='line_1_13' title="bbox 129 1122 1388 1171; baseline 0.002 -13"><span class='ocrx_word' id='word_1_95' title='bbox 129 1122 310 1170; x_wconf 77' lang='lat' dir='ltr'>junxerat</span> <span class='ocrx_word' id='word_1_96' title='bbox 327 1135 464 1170; x_wconf 84' lang='lat' dir='ltr'>magno</span> <span class='ocrx_word' id='word_1_97' title='bbox 484 1123 616 1166; x_wconf 79' lang='lat' dir='ltr'>studio,</span> <span class='ocrx_word' id='word_1_98' title='bbox 633 1122 731 1171; x_wconf 91' lang='lat' dir='ltr'>quod</span> <span class='ocrx_word' id='word_1_99' title='bbox 749 1123 789 1159; x_wconf 89' lang='lat' dir='ltr'>in</span> <span class='ocrx_word' id='word_1_100' title='bbox 807 1123 956 1160; x_wconf 89' lang='lat' dir='ltr'>homine</span> <span class='ocrx_word' id='word_1_101' title='bbox 976 1122 1089 1160; x_wconf 90' lang='lat' dir='ltr'>fidem</span> <span class='ocrx_word' id='word_1_102' title='bbox 1107 1130 1146 1160; x_wconf 85' lang='lat' dir='ltr'>et</span> <span class='ocrx_word' id='word_1_103' title='bbox 1164 1124 1388 1161; x_wconf 86' lang='lat' dir='ltr'>industriam</span> 
     </span>
     <span class='ocr_line' id='line_1_14' title="bbox 127 1184 1388 1236; baseline 0.001 -13"><span class='ocrx_word' id='word_1_104' title='bbox 127 1199 308 1234; x_wconf 84' lang='lat' dir='ltr'>magnam</span> <span class='ocrx_word' id='word_1_105' title='bbox 331 1184 506 1222; x_wconf 82' lang='lat' dir='ltr'>videbat:</span> <span class='ocrx_word' id='word_1_106' title='bbox 535 1199 610 1222; x_wconf 89' lang='lat' dir='ltr'>non</span> <span class='ocrx_word' id='word_1_107' title='bbox 637 1186 824 1229; x_wconf 86' lang='lat' dir='ltr'>dubitans,</span> <span class='ocrx_word' id='word_1_108' title='bbox 850 1186 880 1222; x_wconf 93' lang='lat' dir='ltr'>si</span> <span class='ocrx_word' id='word_1_109' title='bbox 903 1200 990 1223; x_wconf 87' lang='lat' dir='ltr'>eum</span> <span class='ocrx_word' id='word_1_110' title='bbox 1016 1187 1227 1236; x_wconf 70' lang='lat' dir='ltr'>pellixisset‚</span> <span class='ocrx_word' id='word_1_111' title='bbox 1251 1201 1388 1235; x_wconf 84' lang='lat' dir='ltr'>magno</span> 
     </span>
     <span class='ocr_line' id='line_1_15' title="bbox 128 1248 1387 1298; baseline 0.002 -13"><span class='ocrx_word' id='word_1_112' title='bbox 128 1249 212 1286; x_wconf 90' lang='lat' dir='ltr'>usui</span> <span class='ocrx_word' id='word_1_113' title='bbox 227 1249 301 1285; x_wconf 88' lang='lat' dir='ltr'>fore</span> <span class='ocrx_word' id='word_1_114' title='bbox 316 1248 385 1285; x_wconf 90' lang='lat' dir='ltr'>sibi</span> <span class='ocrx_word' id='word_1_115' title='bbox 403 1249 443 1285; x_wconf 90' lang='lat' dir='ltr'>in</span> <span class='ocrx_word' id='word_1_116' title='bbox 460 1249 518 1285; x_wconf 88' lang='lat' dir='ltr'>his</span> <span class='ocrx_word' id='word_1_117' title='bbox 533 1249 650 1292; x_wconf 88' lang='lat' dir='ltr'>rebus,</span> <span class='ocrx_word' id='word_1_118' title='bbox 668 1263 760 1297; x_wconf 87' lang='lat' dir='ltr'>quas</span> <span class='ocrx_word' id='word_1_119' title='bbox 780 1249 998 1298; x_wconf 83' lang='lat' dir='ltr'>apparabat.</span> <span class='ocrx_word' id='word_1_120' title='bbox 1057 1249 1261 1298; x_wconf 84' lang='lat' dir='ltr'>Cogitabat</span> <span class='ocrx_word' id='word_1_121' title='bbox 1275 1251 1387 1294; x_wconf 82' lang='lat' dir='ltr'>enim,</span> 
     </span>
     <span class='ocr_line' id='line_1_16' title="bbox 128 1312 1390 1362; baseline 0.002 -14"><span class='ocrx_word' id='word_1_122' title='bbox 128 1313 224 1361; x_wconf 88' lang='lat' dir='ltr'>quod</span> <span class='ocrx_word' id='word_1_123' title='bbox 245 1312 320 1348; x_wconf 88' lang='lat' dir='ltr'>fere</span> <span class='ocrx_word' id='word_1_124' title='bbox 342 1325 468 1348; x_wconf 90' lang='lat' dir='ltr'>omnes</span> <span class='ocrx_word' id='word_1_125' title='bbox 491 1312 530 1348; x_wconf 89' lang='lat' dir='ltr'>in</span> <span class='ocrx_word' id='word_1_126' title='bbox 551 1312 697 1360; x_wconf 82' lang='lat' dir='ltr'>magnis</span> <span class='ocrx_word' id='word_1_127' title='bbox 724 1313 889 1361; x_wconf 86' lang='lat' dir='ltr'>imperiis</span> <span class='ocrx_word' id='word_1_128' title='bbox 917 1313 1195 1362; x_wconf 88' lang='lat' dir='ltr'>concupiscunt,</span> <span class='ocrx_word' id='word_1_129' title='bbox 1220 1314 1390 1350; x_wconf 86' lang='lat' dir='ltr'>omnium</span> 
     </span>
     <span class='ocr_line' id='line_1_17' title="bbox 128 1375 1390 1425; baseline 0.002 -14"><span class='ocrx_word' id='word_1_130' title='bbox 128 1382 252 1424; x_wconf 77' lang='lat' dir='ltr'>partes</span> <span class='ocrx_word' id='word_1_131' title='bbox 274 1375 452 1424; x_wconf 86' lang='lat' dir='ltr'>corripere</span> <span class='ocrx_word' id='word_1_132' title='bbox 480 1381 593 1424; x_wconf 90' lang='lat' dir='ltr'>atque</span> <span class='ocrx_word' id='word_1_133' title='bbox 621 1376 828 1425; x_wconf 88' lang='lat' dir='ltr'>complecti.</span> <span class='ocrx_word' id='word_1_134' title='bbox 885 1379 921 1412; x_wconf 81' lang='lat'>4.</span> <span class='ocrx_word' id='word_1_135' title='bbox 952 1376 1087 1425; x_wconf 79' lang='lat' dir='ltr'>Neque</span> <span class='ocrx_word' id='word_1_136' title='bbox 1114 1390 1201 1413; x_wconf 81' lang='lat' dir='ltr'>vero</span> <span class='ocrx_word' id='word_1_137' title='bbox 1229 1378 1298 1413; x_wconf 89' lang='lat' dir='ltr'>hoc</span> <span class='ocrx_word' id='word_1_138' title='bbox 1326 1377 1390 1414; x_wconf 87' lang='lat' dir='ltr'>ille</span> 
     </span>
     <span class='ocr_line' id='line_1_18' title="bbox 128 1438 1390 1488; baseline 0.002 -14"><span class='ocrx_word' id='word_1_139' title='bbox 128 1439 226 1474; x_wconf 89' lang='lat' dir='ltr'>solus</span> <span class='ocrx_word' id='word_1_140' title='bbox 246 1438 343 1481; x_wconf 85' lang='lat' dir='ltr'>fecit,</span> <span class='ocrx_word' id='word_1_141' title='bbox 368 1439 432 1475; x_wconf 88' lang='lat' dir='ltr'>sed</span> <span class='ocrx_word' id='word_1_142' title='bbox 459 1438 572 1475; x_wconf 89' lang='lat' dir='ltr'>ceteri</span> <span class='ocrx_word' id='word_1_143' title='bbox 599 1452 742 1488; x_wconf 91' lang='lat' dir='ltr'>quoque</span> <span class='ocrx_word' id='word_1_144' title='bbox 765 1453 902 1482; x_wconf 87' lang='lat' dir='ltr'>omnes,</span> <span class='ocrx_word' id='word_1_145' title='bbox 924 1440 988 1488; x_wconf 88' lang='lat' dir='ltr'>qui</span> <span class='ocrx_word' id='word_1_146' title='bbox 1011 1439 1218 1476; x_wconf 81' lang='lat' dir='ltr'>Alexandri</span> <span class='ocrx_word' id='word_1_147' title='bbox 1240 1440 1390 1477; x_wconf 86' lang='lat' dir='ltr'>fuerant</span> 
     </span>
     <span class='ocr_line' id='line_1_19' title="bbox 129 1500 1387 1552; baseline 0.002 -15"><span class='ocrx_word' id='word_1_148' title='bbox 129 1500 252 1537; x_wconf 82' lang='lat' dir='ltr'>amici.</span> <span class='ocrx_word' id='word_1_149' title='bbox 307 1501 458 1537; x_wconf 85' lang='lat' dir='ltr'>Primus</span> <span class='ocrx_word' id='word_1_150' title='bbox 477 1501 697 1538; x_wconf 87' lang='lat' dir='ltr'>Leonnatus</span> <span class='ocrx_word' id='word_1_151' title='bbox 716 1501 983 1539; x_wconf 84' lang='lat' dir='ltr'>Macedoniam</span> <span class='ocrx_word' id='word_1_152' title='bbox 1001 1516 1259 1552; x_wconf 72' lang='lat' dir='ltr'>praeoccupare</span> <span class='ocrx_word' id='word_1_153' title='bbox 1278 1504 1387 1540; x_wconf 87' lang='lat' dir='ltr'>desti-</span> 
     </span>
     <span class='ocr_line' id='line_1_20' title="bbox 130 1564 1390 1614; baseline 0.002 -14"><span class='ocrx_word' id='word_1_154' title='bbox 130 1570 296 1600; x_wconf 86' lang='lat' dir='ltr'>naverat.</span> <span class='ocrx_word' id='word_1_155' title='bbox 352 1564 429 1600; x_wconf 89' lang='lat' dir='ltr'>Hic</span> <span class='ocrx_word' id='word_1_156' title='bbox 442 1565 572 1601; x_wconf 89' lang='lat' dir='ltr'>multis</span> <span class='ocrx_word' id='word_1_157' title='bbox 591 1565 811 1613; x_wconf 80' lang='lat' dir='ltr'>magnisque</span> <span class='ocrx_word' id='word_1_158' title='bbox 826 1565 1156 1614; x_wconf 81' lang='lat' dir='ltr'>pollicitationibus</span> <span class='ocrx_word' id='word_1_159' title='bbox 1170 1565 1390 1614; x_wconf 85' lang='lat' dir='ltr'>persuadere</span> 
     </span>
     <span class='ocr_line' id='line_1_21' title="bbox 131 1625 1391 1671; baseline 0.002 -9"><span class='ocrx_word' id='word_1_160' title='bbox 131 1626 296 1662; x_wconf 86' lang='lat' dir='ltr'>Eumeni</span> <span class='ocrx_word' id='word_1_161' title='bbox 323 1625 478 1669; x_wconf 85' lang='lat' dir='ltr'>studuit,</span> <span class='ocrx_word' id='word_1_162' title='bbox 503 1633 547 1663; x_wconf 84' lang='lat' dir='ltr'>ut</span> <span class='ocrx_word' id='word_1_163' title='bbox 569 1626 791 1664; x_wconf 85' lang='lat' dir='ltr'>Perdiccam</span> <span class='ocrx_word' id='word_1_164' title='bbox 818 1627 1008 1671; x_wconf 85' lang='lat' dir='ltr'>desereret,</span> <span class='ocrx_word' id='word_1_165' title='bbox 1034 1642 1077 1664; x_wconf 90' lang='lat' dir='ltr'>ac</span> <span class='ocrx_word' id='word_1_166' title='bbox 1104 1642 1230 1664; x_wconf 89' lang='lat' dir='ltr'>secum</span> <span class='ocrx_word' id='word_1_167' title='bbox 1253 1629 1391 1665; x_wconf 78' lang='lat' dir='ltr'>faceret</span> 
     </span>
     <span class='ocr_line' id='line_1_22' title="bbox 131 1689 1391 1740; baseline 0.002 -15"><span class='ocrx_word' id='word_1_168' title='bbox 131 1689 358 1726; x_wconf 87' lang='lat' dir='ltr'>societatem.</span> <span class='ocrx_word' id='word_1_169' title='bbox 414 1691 450 1726; x_wconf 82' lang='lat'>5.</span> <span class='ocrx_word' id='word_1_170' title='bbox 475 1689 606 1734; x_wconf 80' lang='lat' dir='ltr'>Quum</span> <span class='ocrx_word' id='word_1_171' title='bbox 623 1690 822 1739; x_wconf 86' lang='lat' dir='ltr'>perducere</span> <span class='ocrx_word' id='word_1_172' title='bbox 841 1704 929 1727; x_wconf 88' lang='lat' dir='ltr'>eum</span> <span class='ocrx_word' id='word_1_173' title='bbox 946 1704 1020 1727; x_wconf 89' lang='lat' dir='ltr'>non</span> <span class='ocrx_word' id='word_1_174' title='bbox 1038 1698 1168 1740; x_wconf 89' lang='lat' dir='ltr'>posset,</span> <span class='ocrx_word' id='word_1_175' title='bbox 1185 1692 1391 1728; x_wconf 85' lang='lat' dir='ltr'>interficere</span> 
     </span>
     <span class='ocr_line' id='line_1_23' title="bbox 131 1753 1391 1803; baseline 0.002 -14"><span class='ocrx_word' id='word_1_176' title='bbox 131 1759 287 1789; x_wconf 88' lang='lat' dir='ltr'>conatus</span> <span class='ocrx_word' id='word_1_177' title='bbox 301 1759 379 1797; x_wconf 79' lang='lat' dir='ltr'>est3</span> <span class='ocrx_word' id='word_1_178' title='bbox 404 1759 442 1789; x_wconf 89' lang='lat' dir='ltr'>et</span> <span class='ocrx_word' id='word_1_179' title='bbox 461 1753 615 1796; x_wconf 85' lang='lat' dir='ltr'>fecisset,</span> <span class='ocrx_word' id='word_1_180' title='bbox 635 1753 706 1790; x_wconf 88' lang='lat' dir='ltr'>nisi</span> <span class='ocrx_word' id='word_1_181' title='bbox 724 1753 786 1790; x_wconf 89' lang='lat' dir='ltr'>ille</span> <span class='ocrx_word' id='word_1_182' title='bbox 806 1754 905 1790; x_wconf 83' lang='lat' dir='ltr'>clam</span> <span class='ocrx_word' id='word_1_183' title='bbox 924 1760 1037 1791; x_wconf 79' lang='lat' dir='ltr'>noctu</span> <span class='ocrx_word' id='word_1_184' title='bbox 1056 1768 1102 1790; x_wconf 84' lang='lat' dir='ltr'>ex</span> <span class='ocrx_word' id='word_1_185' title='bbox 1116 1753 1294 1803; x_wconf 83' lang='lat' dir='ltr'>praesidiis</span> <span class='ocrx_word' id='word_1_186' title='bbox 1311 1755 1391 1803; x_wconf 88' lang='lat' dir='ltr'>ejus</span> 
     </span>
    </p>
   </div>
   <div class='ocr_carea' id='block_1_4' title="bbox 132 1815 328 1864">
    <p class='ocr_par' dir='ltr' id='par_1_4' title="bbox 132 1815 328 1864">
     <span class='ocr_line' id='line_1_24' title="bbox 132 1815 328 1864; baseline -0.005 -12"><span class='ocrx_word' id='word_1_187' title='bbox 132 1815 328 1864; x_wconf 83' lang='lat' dir='ltr'>effugisset.</span> 
     </span>
    </p>
   </div>
   <div class='ocr_carea' id='block_1_5' title="bbox 678 1920 837 1926">
    <p class='ocr_par' dir='ltr' id='par_1_5' title="bbox 678 1920 837 1926">
     <span class='ocr_line' id='line_1_25' title="bbox 678 1920 837 1926; baseline 0 0"><span class='ocrx_word' id='word_1_188' title='bbox 678 1920 837 1926; x_wconf 95' lang='lat' dir='ltr'> </span> 
     </span>
    </p>
   </div>
   <div class='ocr_carea' id='block_1_6' title="bbox 566 1996 955 2034">
    <p class='ocr_par' dir='ltr' id='par_1_6' title="bbox 566 1996 955 2034">
     <span class='ocr_line' id='line_1_26' title="bbox 566 1996 955 2034; baseline 0 0"><span class='ocrx_word' id='word_1_189' title='bbox 566 1996 807 2034; x_wconf 90' lang='lat' dir='ltr'>CAPUT</span> <span class='ocrx_word' id='word_1_190' title='bbox 854 1997 955 2034; x_wconf 86' lang='lat' dir='ltr'><strong>III.</strong></span> 
     </span>
    </p>
   </div>
   <div class='ocr_carea' id='block_1_7' title="bbox 133 2070 1398 2498">
    <p class='ocr_par' dir='ltr' id='par_1_7' title="bbox 133 2070 1398 2498">
     <span class='ocr_line' id='line_1_27' title="bbox 189 2070 1391 2120; baseline 0 -10"><span class='ocrx_word' id='word_1_191' title='bbox 189 2076 222 2110; x_wconf 92' lang='lat'>1.</span> <span class='ocrx_word' id='word_1_192' title='bbox 246 2072 418 2110; x_wconf 76' lang='lat' dir='ltr'>IN&#39;n-:Rm</span> <span class='ocrx_word' id='word_1_193' title='bbox 436 2071 599 2109; x_wconf 86' lang='lat' dir='ltr'>conflata</span> <span class='ocrx_word' id='word_1_194' title='bbox 618 2078 706 2108; x_wconf 85' lang='lat' dir='ltr'>sunt</span> <span class='ocrx_word' id='word_1_195' title='bbox 724 2072 791 2108; x_wconf 83' lang='lat' dir='ltr'>illa</span> <span class='ocrx_word' id='word_1_196' title='bbox 808 2070 919 2115; x_wconf 86' lang='lat' dir='ltr'>bella,</span> <span class='ocrx_word' id='word_1_197' title='bbox 937 2085 1018 2120; x_wconf 85' lang='lat' dir='ltr'>quae</span> <span class='ocrx_word' id='word_1_198' title='bbox 1038 2072 1086 2108; x_wconf 84' lang='lat' dir='ltr'>ad</span> <span class='ocrx_word' id='word_1_199' title='bbox 1104 2071 1391 2110; x_wconf 85' lang='lat' dir='ltr'>internecionem</span> 
     </span>
     <span class='ocr_line' id='line_1_28' title="bbox 133 2133 1394 2186; baseline -0.002 -13"><span class='ocrx_word' id='word_1_200' title='bbox 133 2142 215 2186; x_wconf 87' lang='lat' dir='ltr'>post</span> <span class='ocrx_word' id='word_1_201' title='bbox 226 2135 434 2173; x_wconf 80' lang='lat' dir='ltr'>Alexandri</span> <span class='ocrx_word' id='word_1_202' title='bbox 447 2141 607 2172; x_wconf 89' lang='lat' dir='ltr'>mortem</span> <span class='ocrx_word' id='word_1_203' title='bbox 621 2142 728 2183; x_wconf 88' lang='lat' dir='ltr'>gesta</span> <span class='ocrx_word' id='word_1_204' title='bbox 742 2141 840 2178; x_wconf 88' lang='lat' dir='ltr'>sunt,</span> <span class='ocrx_word' id='word_1_205' title='bbox 854 2148 1053 2183; x_wconf 86' lang='lat' dir='ltr'>omnesque</span> <span class='ocrx_word' id='word_1_206' title='bbox 1069 2141 1333 2172; x_wconf 87' lang='lat' dir='ltr'>concurrerunt</span> <span class='ocrx_word' id='word_1_207' title='bbox 1347 2133 1394 2171; x_wconf 88' lang='lat' dir='ltr'>ad</span> 
     </span>
     <span class='ocr_line' id='line_1_29' title="bbox 134 2195 1392 2247; baseline -0.002 -13"><span class='ocrx_word' id='word_1_208' title='bbox 134 2199 354 2235; x_wconf 87' lang='lat' dir='ltr'>Perdiccam</span> <span class='ocrx_word' id='word_1_209' title='bbox 386 2198 683 2247; x_wconf 87' lang='lat' dir='ltr'>opprimendum.</span> <span class='ocrx_word' id='word_1_210' title='bbox 747 2197 872 2242; x_wconf 89' lang='lat' dir='ltr'>Quem</span> <span class='ocrx_word' id='word_1_211' title='bbox 903 2196 973 2233; x_wconf 86' lang='lat' dir='ltr'>etsi</span> <span class='ocrx_word' id='word_1_212' title='bbox 1005 2197 1199 2233; x_wconf 84' lang='lat' dir='ltr'>infirmum</span> <span class='ocrx_word' id='word_1_213' title='bbox 1230 2195 1392 2239; x_wconf 85' lang='lat' dir='ltr'>videbat,</span> 
     </span>
     <span class='ocr_line' id='line_1_30' title="bbox 136 2258 1397 2310; baseline -0.002 -13"><span class='ocrx_word' id='word_1_214' title='bbox 136 2261 233 2310; x_wconf 79' lang='lat' dir='ltr'>quod</span> <span class='ocrx_word' id='word_1_215' title='bbox 250 2273 347 2296; x_wconf 90' lang='lat' dir='ltr'>unus</span> <span class='ocrx_word' id='word_1_216' title='bbox 369 2259 540 2296; x_wconf 87' lang='lat' dir='ltr'>omnibus</span> <span class='ocrx_word' id='word_1_217' title='bbox 561 2260 729 2296; x_wconf 87' lang='lat' dir='ltr'>resistere</span> <span class='ocrx_word' id='word_1_218' title='bbox 752 2258 964 2307; x_wconf 80' lang='lat' dir='ltr'>cogebatur,</span> <span class='ocrx_word' id='word_1_219' title='bbox 985 2265 1115 2296; x_wconf 82' lang='lat' dir='ltr'>tamen</span> <span class='ocrx_word' id='word_1_220' title='bbox 1137 2259 1304 2296; x_wconf 85' lang='lat' dir='ltr'>amicum</span> <span class='ocrx_word' id='word_1_221' title='bbox 1320 2271 1397 2296; x_wconf 90' lang='lat' dir='ltr'>non</span> 
     </span>
     <span class='ocr_line' id='line_1_31' title="bbox 137 2320 1396 2370; baseline -0.001 -10"><span class='ocrx_word' id='word_1_222' title='bbox 137 2322 309 2365; x_wconf 80' lang='lat' dir='ltr'>deseruit,</span> <span class='ocrx_word' id='word_1_223' title='bbox 329 2335 448 2370; x_wconf 87' lang='lat' dir='ltr'>neque</span> <span class='ocrx_word' id='word_1_224' title='bbox 467 2322 607 2364; x_wconf 88' lang='lat' dir='ltr'>salutis,</span> <span class='ocrx_word' id='word_1_225' title='bbox 625 2335 739 2370; x_wconf 90' lang='lat' dir='ltr'>quam</span> <span class='ocrx_word' id='word_1_226' title='bbox 759 2321 855 2364; x_wconf 86' lang='lat' dir='ltr'>fidei,</span> <span class='ocrx_word' id='word_1_227' title='bbox 875 2321 948 2358; x_wconf 82' lang='lat' dir='ltr'>fuit</span> <span class='ocrx_word' id='word_1_228' title='bbox 967 2320 1143 2370; x_wconf 90' lang='lat' dir='ltr'>cupidior.</span> <span class='ocrx_word' id='word_1_229' title='bbox 1200 2324 1236 2358; x_wconf 82' lang='lat'>2.</span> <span class='ocrx_word' id='word_1_230' title='bbox 1261 2321 1396 2359; x_wconf 82' lang='lat' dir='ltr'>Praefe·</span> 
     </span>
     <span class='ocr_line' id='line_1_32' title="bbox 139 2384 1397 2434; baseline -0.002 -10"><span class='ocrx_word' id='word_1_231' title='bbox 139 2393 241 2424; x_wconf 84' lang='lat' dir='ltr'>cerat</span> <span class='ocrx_word' id='word_1_232' title='bbox 259 2399 347 2422; x_wconf 88' lang='lat' dir='ltr'>eum</span> <span class='ocrx_word' id='word_1_233' title='bbox 365 2385 559 2422; x_wconf 86' lang='lat' dir='ltr'>Perdiccas</span> <span class='ocrx_word' id='word_1_234' title='bbox 578 2385 612 2421; x_wconf 87' lang='lat' dir='ltr'>ei</span> <span class='ocrx_word' id='word_1_235' title='bbox 631 2384 731 2434; x_wconf 82' lang='lat' dir='ltr'>parti</span> <span class='ocrx_word' id='word_1_236' title='bbox 749 2384 860 2428; x_wconf 77' lang='lat' dir='ltr'>Asiae,</span> <span class='ocrx_word' id='word_1_237' title='bbox 882 2397 963 2432; x_wconf 86' lang='lat' dir='ltr'>quae</span> <span class='ocrx_word' id='word_1_238' title='bbox 985 2384 1082 2421; x_wconf 86' lang='lat' dir='ltr'>inter</span> <span class='ocrx_word' id='word_1_239' title='bbox 1101 2384 1277 2421; x_wconf 87' lang='lat' dir='ltr'>Taurum</span> <span class='ocrx_word' id='word_1_240' title='bbox 1295 2398 1397 2422; x_wconf 89' lang='lat' dir='ltr'>mon-</span> 
     </span>
     <span class='ocr_line' id='line_1_33' title="bbox 139 2448 1398 2498; baseline -0.001 -10"><span class='ocrx_word' id='word_1_241' title='bbox 139 2456 218 2488; x_wconf 85' lang='lat' dir='ltr'>tem</span> <span class='ocrx_word' id='word_1_242' title='bbox 239 2450 342 2498; x_wconf 83' lang='lat' dir='ltr'>jacet</span> <span class='ocrx_word' id='word_1_243' title='bbox 370 2454 482 2498; x_wconf 86' lang='lat' dir='ltr'>atque</span> <span class='ocrx_word' id='word_1_244' title='bbox 504 2448 802 2498; x_wconf 84' lang='lat' dir='ltr'>Hellespontum,</span> <span class='ocrx_word' id='word_1_245' title='bbox 827 2454 865 2485; x_wconf 87' lang='lat' dir='ltr'>et</span> <span class='ocrx_word' id='word_1_246' title='bbox 892 2448 1001 2484; x_wconf 87' lang='lat' dir='ltr'>illum</span> <span class='ocrx_word' id='word_1_247' title='bbox 1029 2460 1150 2485; x_wconf 88' lang='lat' dir='ltr'>unum</span> <span class='ocrx_word' id='word_1_248' title='bbox 1177 2454 1398 2498; x_wconf 84' lang='lat' dir='ltr'>opposuerat</span> 
     </span>
    </p>
   </div>
  </div>
 </body>
</html>
