1575 2771
176 215 231 252 50
604 224 801 253 commu
832 223 1020 260 xero-ris.
1321 205 1382 260 [8,
1401 210 1441 247 9.

174 321 340 359 venerat,
360 315 473 353 homo
499 321 539 352 et
564 312 724 351 callidus
750 319 789 350 et
818 310 868 350 ad
893 309 1066 349 fraudem
1093 317 1240 354 acutus,
1259 309 1339 346 sine
1364 309 1444 346 ulla

172 378 350 427 religione
368 392 412 416 ac
430 377 515 422 fide,
532 376 612 415 adit
631 375 681 414 ad
699 377 864 414 Dionem
881 382 921 412 et
939 375 994 412 ait
1010 387 1018 412 :
1066 377 1103 411 2.
1124 374 1231 411 Eum
1248 373 1290 410 in
1305 386 1446 422 magno
1468 369 1474 371 ’

172 442 336 492 periculo
357 456 435 479 effe
456 448 608 492 propter
629 440 869 478 offensionem
889 438 1019 489 populi
1043 444 1082 475 et
1109 436 1239 475 odium
1264 437 1445 481 militum,

173 504 271 552 quod
287 504 391 541 nullo
412 502 523 541 modo
542 503 686 540 evitare
704 509 837 552 posset,
857 501 930 539 nisi
949 501 1064 538 alicui
1081 514 1235 538 suorum
1251 499 1448 549 negotium

173 565 291 611 daret,
312 568 376 617 qui
403 581 442 604 se
469 567 667 604 simularet
688 567 744 604 illi
766 566 977 603 inimicum.
1033 564 1161 610 Quem
1187 564 1219 601 si
1244 564 1449 601 invenisset

173 630 359 675 idoneum,
384 631 494 669 facile
521 631 692 668 omnium
715 631 859 668 animos
881 630 1121 679 cogniturum
1144 627 1450 678 adversarioffiue

174 694 426 738 sublaturum,
448 693 546 744 quod
563 695 707 732 inimici
725 695 806 744 ejus
824 693 1018 731 dissidenti
1035 707 1120 730 suos
1137 706 1265 730 sensus
1284 692 1450 742 aperturi

174 758 306 795 forent.
355 760 391 795 3.
414 759 505 795 Tali
522 759 673 795 consilio
690 759 846 807 probato
865 758 1011 808 excepit
1030 757 1101 794 has
1119 764 1245 806 partes
1263 757 1342 806 ipse
1361 757 1450 794 Cal-

174 822 325 859 licrates
346 829 384 859 et
404 835 443 858 se
465 829 591 858 armat
612 820 870 871 imprudentia
887 822 1031 858 Dionis.
1088 819 1153 858 Ad
1170 834 1259 858 eum
1276 820 1451 858 interfici-

174 884 316 923 endum
336 886 450 923 socios
472 885 680 935 oonquirit3
712 883 943 922 adversarios
970 885 1050 933 ejus
1072 884 1259 927 eom-enit,
1282 885 1451 932 conjura-

175 950 277 986 tione
295 950 506 986 coufirmat.
554 953 591 986 4.
612 949 704 992 Res,
722 949 853 986 multis
867 949 1022 985 consciis
1035 961 1117 997 quae
1132 954 1334 996 gereretur,
1350 948 1454 985 elata

175 1011 341 1050 defertur
364 1012 412 1050 ad
431 1013 732 1056 Aristomachen,
757 1025 919 1049 sororem
941 1012 1084 1055 Dionis,
1106 1025 1337 1060 uxoremque
1358 1013 1453 1049 Are-

174 1083 252 1114 ten.
309 1077 391 1114 11]ae
418 1077 554 1114 timore
581 1077 788 1126 perterritae
817 1076 1056 1119 conveniunt,
1081 1077 1189 1124 cujus
1215 1074 1261 1113 de
1287 1076 1453 1125 periculo

175 1139 375 1178 timebant.
432 1142 489 1177 At
507 1141 571 1177 ille
592 1148 719 1189 negat,
740 1153 765 1177 a
784 1140 991 1177 Callicrate
1011 1140 1092 1176 fieri
1113 1140 1182 1177 sibi
1205 1139 1370 1183 insidias,
1390 1138 1454 1177 sed

175 1204 254 1247 illa,
275 1218 357 1253 quae
380 1211 591 1252 agerentur,
615 1205 698 1241 fieri
718 1210 904 1254 praeeepto
930 1218 1008 1240 suo.
1066 1206 1101 1240 5.
1132 1204 1316 1241 EIulieres
1336 1204 1455 1242 nihilo

176 1267 295 1304 secius
315 1267 563 1304 Callicratem
586 1267 627 1304 in
648 1265 768 1304 aedem
791 1267 1022 1316 Proserpinae
1045 1264 1237 1304 deducunt
1261 1280 1306 1304 ae
1322 1267 1455 1315 jurare

177 1338 326 1380 cogunt,
347 1331 443 1369 nihil
466 1330 515 1368 ab
534 1331 600 1368 illo
621 1331 779 1381 periculi
799 1331 876 1368 sore
898 1330 1026 1368 Diom'.
1082 1330 1156 1368 Ele
1182 1331 1257 1367 hac
1277 1330 1455 1379 religione

177 1408 253 1432 non
269 1393 379 1432 modo
397 1408 473 1432 non
491 1395 701 1439 deterritus,
718 1393 783 1432 sed
802 1393 851 1431 ad
868 1392 1146 1432 maturandum
1160 1394 1371 1432 concitatus
1384 1400 1453 1438 est,

177 1473 319 1503 verens,
347 1474 396 1497 ne
423 1460 527 1510 prius
554 1460 752 1497 consilium
782 1459 991 1509 aperiretur
1018 1471 1141 1502 suum,
1170 1471 1288 1507 quam
1318 1464 1456 1496 conata

177 1523 400 1576 perfecisset.

634 1708 877 1746 CAPUT
915 1708 1002 1746 IX.

237 1788 269 1821 1.
299 1783 390 1821 HAc
413 1789 541 1820 mente
562 1782 731 1832 proximo
754 1780 814 1818 die
833 1781 937 1825 sesto,
958 1795 1076 1830 quum
1095 1795 1120 1818 a
1137 1788 1327 1819 conventu
1344 1795 1384 1819 se
1401 1795 1455 1819 re-

181 1854 330 1884 motum
348 1847 451 1884 Dion
467 1844 569 1882 domi
589 1852 744 1888 teneret,
766 1851 881 1894 atque
903 1845 942 1880 in
961 1844 1132 1881 conclavi
1149 1842 1250 1881 edito
1267 1845 1457 1882 recubuis-

181 1917 249 1954 set,
270 1910 425 1947 consciis
445 1909 530 1946 loca
549 1908 757 1945 munitiora
778 1906 903 1957 oppidi
925 1905 1068 1952 tradit;
1098 1908 1253 1944 domum
1280 1906 1458 1946 custodiis

181 1974 300 2024 sepit;
331 1986 355 2010 a
372 1973 513 2010 foribus
531 1972 595 2022 qui
613 1986 689 2009 non
707 1969 912 2015 discedant,
935 1979 1055 2009 certos
1076 1971 1257 2021 praefieit3
1314 1974 1350 2009 2.
1375 1972 1456 2010 Na·

180 2051 270 2075 vem
287 2038 483 2075 triremem
502 2037 660 2074 armatis
678 2043 799 2079 ornat,
821 2036 1136 2085 Philostratoque,
1157 2035 1265 2073 fratri
1282 2049 1360 2080 suo,
1380 2043 1455 2073 tra-

181 2101 248 2145 dit,
265 2115 425 2151 eamque
443 2101 483 2138 in
501 2108 611 2150 portu
632 2101 769 2150 agitari
783 2099 904 2149 jubet,
920 2108 965 2138 ut
978 2101 1009 2138 si
1022 2114 1193 2138 exercere
1208 2101 1367 2149 remiges
1381 2101 1455 2138 vel-

181 2166 234 2203 let
250 2179 257 2202 :
286 2166 466 2214 cogitans,
483 2162 514 2202 si
532 2164 627 2202 sorte
646 2165 806 2202 consiliis
824 2163 1026 2202 obstitisset
1044 2164 1206 2208 fortuna,
1222 2172 1268 2201 ut
1285 2165 1455 2208 haberet,

181 2243 254 2279 quo
276 2229 422 2278 fugeret
446 2227 495 2266 ad
517 2229 690 2266 salutem.
748 2230 784 2265 3.
817 2228 982 2266 Suomm
1010 2235 1142 2265 autem
1162 2242 1183 2265 e
1204 2242 1362 2266 nurnero
1383 2229 1455 2266 Za-

181 2293 351 2343 cynthios
384 2291 634 2330 adolescentes
665 2290 847 2342 quosdam
879 2292 996 2341 eligit,
1025 2306 1143 2342 quum
1177 2291 1453 2335 audacissimos,

181 2363 267 2394 tum
287 2355 430 2393 viribus
451 2356 652 2400 maximis;
681 2357 814 2405 hisque
837 2354 904 2393 dat
925 2357 1132 2405 negotium,
1153 2364 1197 2394 ut
1219 2355 1270 2394 ad
1290 2356 1454 2394 Dionem

180 2426 272 2457 eunt
296 2419 468 2463 inermae,
492 2420 544 2457 sio
571 2426 615 2457 ut
643 2418 887 2457 conveniendi
909 2421 991 2469 ejus
1010 2421 1136 2469 gratia
1156 2419 1373 2457 viderentur
1392 2433 1454 2456 ve-

182 2484 272 2520 nire.
328 2483 384 2522 Hi
411 2491 561 2535 propter
587 2484 765 2522 notitiam
792 2492 880 2522 sunt
906 2485 1119 2522 intromissi.
1176 2488 1211 2520 4.
1243 2485 1300 2521 At
1321 2484 1386 2521 illi.
1410 2491 1454 2522 ut

1539 2262 1557 2284 λ
