1575 2771
161 212 217 249 22
585 221 780 247 connum
813 220 1001 246 meroris.
1373 204 1420 259 [5

160 311 339 348 meritum
359 308 404 348 de
424 311 488 347 illo
508 310 659 360 optime,
676 308 859 359 proderet.
908 307 1021 354 Quod
1039 308 1070 345 si
1089 321 1175 345 earu
1193 308 1346 346 veniam
1366 309 1432 347 sibi

160 373 321 413 dedisset
347 375 536 424 tantisque
563 374 803 424 implicatum
829 373 941 410 rebus
968 373 1210 417 sublevasset,
1234 386 1373 422 magno
1401 372 1435 410 ei

158 439 311 489 praemio
331 439 514 476 futurum.

618 607 877 668 'CAPUT
914 621 962 658 v.

215 704 250 738 1.
278 700 354 737 HIS
381 698 491 736 rebus
519 699 648 748 ephori
676 698 834 747 cognitis
861 698 978 735 satius
1010 703 1244 747 putaverunt
1277 698 1317 734 in
1344 698 1436 735 urbe

158 777 247 801 eum
267 761 544 812 comprehendi.
599 762 684 807 Quo
699 775 816 811 quum
835 768 957 799 essent
972 761 1139 811 profecti,
1157 767 1196 799 et
1210 761 1433 805 Pausanias,

157 828 307 876 placato
330 826 487 874 Argilio,
511 832 556 862 ut
574 824 746 874 putabat,
772 824 1088 862 Lacedaemonem
1110 831 1371 868 reverteretur,
1396 825 1432 861 in

158 891 300 933 itinere,
316 904 434 939 quum
449 890 533 938 jam
552 889 592 926 in
611 903 653 926 eo
673 895 779 932 esset,
797 895 840 925 ut
857 887 1244 938 comprehenderetur,
1263 902 1310 925 ex
1325 889 1433 925 vultu

159 953 357 1003 eujusdam
384 953 522 1003 ephori,
548 953 611 1002 qui
634 966 722 989 eum
749 951 948 989 admonere
977 952 1163 1002 cupiebat,
1188 951 1340 989 insidias
1368 952 1434 989 sibi

159 1018 240 1054 fieri
267 1017 466 1055 intellexit.
525 1019 560 1053 2.
593 1017 728 1065 Itaque
756 1016 886 1065 paucis
909 1023 998 1053 ante
1021 1015 1210 1064 gradibus,
1235 1029 1351 1065 quam
1373 1016 1434 1065 qui

159 1081 420 1131 sequebantur,
452 1081 491 1118 in
519 1079 637 1117 aedem
667 1080 864 1124 Minewae,
894 1094 976 1129 quae
1001 1080 1238 1129 χαλκίοικος
1265 1086 1435 1124 vocatur,

159 1145 338 1193 confugit.
396 1145 500 1181 Hinc
527 1158 574 1181 ne
603 1144 703 1181 exire
731 1150 864 1193 posset,
887 1144 1019 1181 statim
1047 1144 1174 1193 ephori
1196 1144 1330 1181 valvas
1357 1144 1436 1193 ejus

158 1208 247 1246 aedis
269 1210 538 1246 obstruxerunt
557 1215 778 1256 tectumque
801 1215 888 1245 sunt
907 1207 1086 1252 demoliti,
1108 1222 1179 1257 quo
1199 1208 1345 1245 facilius
1368 1207 1437 1245 sub

158 1272 243 1310 divo
277 1273 459 1310 interiret.
518 1275 553 1309 3.
585 1272 737 1310 Dicitur
770 1286 812 1309 eo
846 1278 1016 1322 tempore
1043 1278 1209 1309 matrem
1237 1271 1437 1308 Pausaniae

159 1337 306 1380 vixisse,
332 1350 492 1385 eamque
510 1337 594 1385 jam
621 1351 762 1385 magno
785 1343 891 1380 natu,
912 1343 1112 1386 postquam
1141 1335 1186 1373 de
1209 1337 1346 1372 scelere
1368 1335 1436 1372 filii

160 1400 352 1450 comperit,
377 1400 417 1437 in
444 1400 575 1450 primis
604 1399 652 1438 ad
679 1401 803 1437 filium
832 1399 1087 1437 claudendum
1114 1398 1280 1449 lapidem
1308 1398 1356 1436 ad
1384 1399 1436 1436 in-

159 1465 320 1502 troitum
357 1462 445 1501 aedis
483 1464 666 1501 attulisse.
724 1468 759 1501 4.
794 1465 856 1501 Sic
889 1464 1099 1501 Pausanias
1132 1477 1315 1512 magnam
1347 1463 1437 1500 belli

159 1529 319 1577 gloriam
342 1528 444 1578 turpi
466 1535 586 1565 morte
609 1529 832 1566 maculavit.
890 1529 965 1565 Hie
992 1541 1110 1576 quum
1137 1527 1368 1564 semianimis
1391 1526 1436 1564 de

161 1593 302 1642 templo
331 1593 454 1629 elatus
482 1598 587 1636 esset,
611 1592 806 1629 confestim
835 1592 1004 1629 animam
1033 1591 1189 1628 efflavit.
1249 1594 1283 1627 5.
1316 1591 1436 1640 Cujus

160 1656 301 1693 mortui
329 1669 462 1705 corpus
489 1669 607 1705 quum
630 1655 761 1693 eodem
788 1656 958 1692 nonnulli
986 1654 1153 1692 dicerent
1180 1655 1307 1692 inferri
1334 1668 1436 1705 opor-

161 1727 250 1764 tere,
272 1734 343 1769 quo
362 1720 413 1764 hi,
435 1720 499 1769 qui
519 1719 568 1757 ad.
587 1720 814 1770 supplicium
835 1726 956 1757 essent
979 1718 1082 1756 dati:
1112 1717 1302 1769 displicuit
1322 1719 1435 1768 pluri·

160 1786 230 1823 bus
249 1792 287 1823 et
306 1786 435 1835 procul
455 1784 503 1823 ab
523 1799 564 1823 eo
583 1786 662 1822 loco
681 1784 906 1830 infoderunt,
923 1798 994 1834 quo
1015 1790 1096 1821 erat
1110 1790 1290 1820 mortuus.
1340 1781 1435 1820 Inde

161 1849 343 1901 posterius
365 1848 424 1886 dei
448 1849 624 1898 Delphici
646 1863 818 1898 responso
841 1855 970 1886 erutus
993 1854 1106 1898 atque
1129 1845 1259 1885 eodem
1281 1847 1360 1885 loco
1383 1859 1436 1885 se·

164 1914 300 1963 pultus,
321 1912 386 1950 ubi
405 1913 527 1950 vitam
546 1919 732 1963 posuerat.
