1575 2771
397 480 525 535 III.
589 477 1124 534 ARISTIDES.

606 674 849 711 CAPUT
888 673 920 710 Ι.

186 753 218 786 1.
249 750 470 793 Amsrimzs,
492 749 715 799 Lysimachi
737 749 847 792 filius,
873 748 1126 792 Atheniensis,
1151 748 1304 798 aequalis
1326 748 1400 786 fere

130 813 202 850 suit
226 813 484 850 Themistocli.
542 813 678 861 Itaque
702 826 790 849 cum
814 826 855 849 eo
879 811 923 848 de
947 812 1160 861 principatu
1183 811 1398 849 contendit:

131 890 294 925 namque
317 875 575 913 obtrectarunt
598 876 696 912 inter
720 890 767 913 se.
827 878 861 912 2.
894 876 942 912 In
969 876 1027 912 his
1055 882 1184 913 autem
1207 876 1400 924 cognitum

131 946 197 983 cst,
222 946 364 989 quanto
391 946 598 977 antestaret
626 940 839 988 eloquentia
866 940 1098 976 innocentiae.
1156 940 1402 988 Quamquam

131 1004 233 1040 enim
267 1001 357 1039 adeo
390 1002 598 1039 excellebat
631 1002 817 1039 Aristides
851 1002 1089 1046 abstinentia,
1119 1009 1163 1039 ut
1192 1017 1290 1040 unus
1320 1010 1402 1052 post

131 1066 329 1104 hominum
357 1066 590 1107 memoriam,
615 1065 713 1114 quod
736 1065 888 1115 quidem
914 1080 979 1103 nos
1008 1065 1247 1110 audierimus,
1273 1081 1402 1115 cogno-

131 1130 232 1167 mine
255 1130 281 1167 J
284 1136 390 1167 ustus
419 1130 466 1167 sit
495 1131 729 1179 appellatus:
761 1136 902 1174 tamen,
925 1144 947 1167 a
967 1130 1222 1168 Themistocle
1245 1130 1402 1168 collabe-

132 1193 265 1238 sactus,
297 1194 438 1231 testula
470 1193 536 1230 illa
568 1194 696 1230 exsilio
729 1192 857 1231 decem
893 1207 1079 1231 annorum
1111 1195 1299 1232 multatus
1333 1201 1400 1232 est.

133 1260 169 1295 3.
192 1257 269 1303 Qui
288 1256 439 1306 quidem
458 1271 577 1307 quum
596 1258 830 1306 intelligeret,
852 1258 1005 1307 reprimi
1024 1258 1254 1295 concitatam
1277 1258 1403 1295 multi-

133 1319 304 1358 tudinem
318 1335 393 1358 non
406 1335 521 1371 posse,
535 1320 741 1371 cedensque
757 1320 1084 1359 animadvertisset
1099 1321 1303 1371 quemdam
1319 1322 1400 1359 scri-

132 1384 296 1430 bentem,
313 1392 357 1422 ut
376 1385 502 1435 patria
519 1386 730 1435 pelleretur,
747 1386 917 1435 quaesisse
938 1385 985 1423 ab
1005 1400 1047 1423 eo
1067 1385 1215 1430 dicitur,
1233 1400 1347 1436 quare
1366 1385 1404 1423 id

133 1449 284 1493 faceret,
306 1456 373 1486 aut
393 1448 483 1498 quid
501 1448 686 1486 Aristides
706 1450 960 1493 commisisset,
983 1464 1050 1487 cur
1069 1457 1181 1487 tanta
1199 1464 1309 1499 poena
1328 1449 1405 1499 dig-

134 1526 204 1550 nus
231 1511 459 1550 duceretur?
516 1516 554 1550 4.
586 1513 659 1550 Cui
687 1513 749 1551 ille
777 1512 976 1563 respondit,
1004 1528 1044 1551 se
1072 1514 1243 1563 ignorare
1272 1515 1405 1552 Aristi-

135 1575 245 1621 dem;
275 1575 339 1613 sed
361 1576 430 1614 sibi
452 1591 527 1613 non
548 1577 705 1626 placere,
727 1576 825 1626 quod
844 1584 927 1614 tam
950 1576 1083 1626 cupide
1103 1577 1341 1622 elaborasset,
1361 1585 1405 1615 ut

135 1646 269 1689 praeter
289 1646 428 1676 eeteros
447 1641 472 1677 J
476 1647 582 1677 ustus
602 1641 865 1689 appellaretur.
916 1638 951 1677 5.
976 1642 1052 1678 Hic
1072 1640 1200 1678 decem
1221 1655 1406 1679 annorum

136 1704 348 1753 legitimam
369 1718 520 1753 poenam
540 1718 614 1740 non
632 1704 799 1753 pertulit.
856 1705 963 1740 Nam
982 1711 1181 1754 postquam
1201 1706 1349 1742 Xerxes
1368 1706 1406 1743 in

137 1768 327 1805 Graeciam
356 1767 555 1811 descendit,
586 1774 690 1804 sexto
718 1768 792 1804 sere
826 1782 934 1812 anno,
965 1782 1081 1818 quam
1109 1776 1190 1806 erat
1218 1770 1404 1819 expulsus,

137 1832 354 1882 populiscito
373 1832 413 1868 in
432 1832 597 1881 patriam
617 1832 814 1869 restitutus
833 1838 900 1869 est.

601 2015 844 2052 CAPUT
883 2015 950 2052 II.

195 2095 227 2128 1.
258 2090 474 2145 INTERFmr
498 2079 629 2127 autem
656 2103 791 2139 pugnae
818 2090 949 2127 navali
972 2089 1073 2140 apud
1098 2091 1305 2136 Salamina,
1327 2106 1408 2141 quae

139 2154 241 2192 facta
263 2160 318 2191 est
340 2154 452 2203 prius,
476 2168 592 2203 quam
619 2168 730 2203 poena
751 2154 985 2192 liberaretur.
1043 2155 1153 2193 Idem
1181 2164 1314 2205 praetor
1336 2157 1408 2193 suit

140 2217 431 2270 Atheniensium
454 2216 555 2267 apud
575 2218 740 2254 Plataeas
758 2218 797 2254 in
816 2219 953 2268 proelio,
971 2233 1043 2267 quo
1063 2218 1286 2256 Mardonius
1306 2220 1409 2256 fusus

140 2280 459 2329 barbarorumque
487 2281 674 2318 exercitus
703 2281 920 2318 interfectus
953 2288 1019 2318 est.
1078 2285 1112 2318 2.
1144 2283 1278 2331 Neque
1308 2282 1409 2319 aliud

141 2352 196 2382 cst
219 2345 342 2381 ullum
369 2344 483 2391 hujus
510 2343 549 2380 in
572 2357 610 2380 re
633 2344 789 2380 militari
811 2344 956 2381 illustre
980 2345 1134 2388 factum,
1159 2359 1273 2394 quam
1296 2346 1409 2394 hujus

143 2409 287 2458 imperii
310 2407 515 2452 memoria3
540 2407 698 2455 justitiae
721 2421 819 2451 vcro,
844 2414 881 2444 ct
904 2408 1103 2457 aequitatis,
1129 2415 1166 2445 et
1190 2409 1408 2447 innoeentiae

95 2507 98 2510 .
144 2474 287 2510 muha:
319 2473 353 2508 in
385 2472 522 2521 primis,
545 2470 640 2519 quod
669 2472 748 2518 ejus
776 2472 952 2520 {equitate
975 2472 1118 2508 factum
1143 2479 1209 2516 est,
1231 2487 1348 2522 quum
1372 2475 1409 2512 in
