1575 2771
98 156 176 192 104
517 166 711 193 couNELu
743 166 930 192 11131οΤ15.
1231 149 1293 204 [2,
1314 156 1350 191 3.

92 255 197 292 ludos
223 255 305 299 iret,
324 256 438 305 juxta
465 256 658 292 theatrum
685 254 824 291 occisus
852 260 918 291 est.
976 256 1011 290 2.
1037 253 1149 291 Unus
1171 253 1353 303 Epirotes,

60 325 63 327 ’
94 318 268 369 Pyrrhus,
289 320 352 369 qui
371 332 459 356 cum
477 319 610 368 populo
631 318 806 355 Romano
825 316 993 354 bellavit.
1041 317 1080 354 Is
1099 330 1216 366 quum
1235 318 1355 366 Argos

91 383 270 432 oppidum
298 389 530 432 oppugnaret
557 382 597 418 in
624 382 886 431 Peloponneso,
916 380 1040 430 lapide
1072 380 1168 417 ictus
1200 380 1353 418 interiit.

97 446 202 484 Unus
225 447 316 483 item
341 447 500 490 Siculus,
521 445 722 495 Dionysius
744 444 852 494 prior.
909 443 1018 480 Nam
1039 449 1078 480 et
1099 457 1218 480 manu
1239 444 1352 488 sortis,

93 517 129 547 et
146 509 235 547 belli
256 511 397 560 peritus
419 510 501 553 fuit,
523 515 570 552 et,
591 509 629 545 id
650 509 747 558 quod
770 508 809 545 in
828 514 986 557 tyranno
1004 521 1079 544 non
1097 507 1206 544 facile
1225 508 1354 557 reperi-

92 581 162 618 tur,
182 574 339 611 minime
361 573 586 615 libidinosus,
611 586 686 609 non
708 571 929 615 luxuriosus,
952 585 1027 608 non
1050 584 1196 615 avarus,
1217 571 1357 608 nullius

91 637 247 687 denique
275 637 327 674 rei
355 635 522 686 cupidus,
544 636 615 672 nisi
643 635 841 683 singularis
868 634 1111 684 perpetuique
1134 634 1290 684 imperii,
1311 635 1358 671 ob

91 713 248 749 eamque
266 713 346 736 rem
366 699 535 736 crudelis.
583 699 690 735 Nam
709 699 801 735 dum
819 698 857 735 id
876 698 1021 736 studuit
1040 699 1196 742 munire,
1217 699 1357 735 nullius

90 763 253 813 pepercit
267 763 366 807 vitae,
383 776 496 812 quem
511 763 591 811 ejus
610 763 864 799 insidiatorem
882 769 1044 812 putaret.
1092 765 1128 799 3.
1150 763 1225 800 Hic
1241 776 1357 812 quum

90 827 231 863 virtute
263 827 503 876 tyrannidem
523 827 592 863 sibi
610 827 822 876 peperisset,
843 840 984 875 magna
1002 827 1157 863 retinuit
1179 827 1359 864 felicitate

90 891 282 940 majorque
320 904 435 928 annos
471 891 670 940 sexaginta
705 897 819 928 natus
855 890 1009 928 decessit
1042 891 1197 928 florente
1233 904 1358 939 regno.

91 955 225 1004 Neque
248 955 289 991 111
310 961 392 991 tam
414 955 546 991 multis
569 954 676 991 annis
699 955 922 1003 cujusquam
951 968 997 991 ex
1023 968 1092 991 sua
1115 955 1226 1004 stirpe
1249 955 1362 991 sunus.

90 1017 195 1062 vidit,
216 1031 334 1067 quum
357 1031 403 1054 ex
425 1018 544 1054 tribus
566 1017 741 1054 mroribus
764 1018 895 1055 liberos
918 1024 1154 1067 procreasset,
1175 1018 1361 1067 multique

91 1081 125 1118 ei
143 1081 225 1119 nati
244 1087 365 1118 essent
383 1087 544 1131 nepotes.

534 1263 776 1301 CAPUT
820 1264 920 1301 ΙΙΙ.

149 1344 180 1376 1.
212 1340 403 1376 Faenum
431 1345 611 1388 proeterea
638 1339 752 1375 multi
784 1352 887 1387 reges
919 1352 966 1375 ex
995 1338 1126 1375 amicis
1154 1337 1361 1375 Alexandri

95 1403 240 1452 Magni,
263 1403 326 1452 qui
348 1408 430 1452 post
453 1402 598 1439 obitum
621 1403 700 1450 ejus
723 1402 883 1451 imperia
906 1409 1107 1451 ceperunt:
1137 1403 1177 1439 in
1205 1403 1262 1439 his
1285 1404 1363 1439 An-

92 1467 250 1515 tigonus,
282 1473 319 1503 et
347 1466 460 1514 hujus
488 1466 588 1502 filius
618 1466 845 1509 Demetrius,
876 1466 1139 1515 Lysimachus,
1173 1466 1362 1510 Seleucus,

93 1530 329 1567 Ptolemaeus.
388 1532 422 1565 2.
445 1529 508 1566 Ex
526 1529 584 1565 his
604 1529 818 1577 Antigonus
837 1529 876 1565 111
895 1529 1032 1578 proelio,
1050 1543 1167 1578 quum
1188 1528 1364 1566 adversus

95 1594 295 1630 Seleucum
315 1593 664 1642 Lysimachumque
683 1592 890 1635 dimicaret,
907 1593 1048 1629 occisus
1067 1598 1134 1629 est.
1182 1593 1273 1630 Pari
1292 1593 1366 1630 leto

94 1657 251 1694 affectus
279 1662 334 1693 est
358 1656 610 1706 Lysimachus
639 1669 662 1692 a
692 1656 857 1692 Seleuco.
914 1655 1031 1699 Nam,
1053 1657 1228 1694 societate
1257 1657 1365 1694 disso-

95 1723 188 1765 luta,
216 1720 361 1758 bellum
388 1720 486 1756 inter
513 1733 551 1756 se
578 1725 781 1767 gesserunt.
839 1721 874 1755 3.
906 1720 961 1756 At
990 1719 1217 1763 Demetrius,
1247 1734 1364 1770 quum

96 1785 214 1821 filiam
233 1798 343 1821 suam
364 1784 520 1821 Seleuco
539 1783 578 1820 in
596 1783 884 1820 matrimonium
903 1782 1072 1826 dedisset,
1089 1796 1208 1832 neque
1227 1797 1269 1820 00
1288 1797 1365 1820 ma-

95 1848 150 1895 gis
172 1848 248 1884 fida
270 1847 367 1884 inter
389 1860 449 1883 eos
473 1847 644 1883 amicitia
665 1859 816 1883 manere
836 1846 1025 1895 potuisset,
1047 1853 1179 1895 captus
1198 1847 1304 1890 bello,
1327 1848 1364 1883 in

96 1909 264 1948 custodia
286 1923 386 1947 socer
411 1910 535 1958 generi
558 1910 668 1959 periit
696 1922 719 1946 a
742 1909 880 1946 morbo.
938 1912 973 1945 4.
1004 1909 1139 1958 Neque
1167 1909 1222 1946 ita
1244 1911 1364 1946 multo

96 1981 178 2024 post
210 1974 388 2011 Seleucus
422 1986 444 2009 a
477 1973 678 2010 Ptolemzeo
714 1972 887 2009 Cerauno
921 1971 1002 2009 dolo
1035 1972 1252 2010 interfectus
1284 1979 1364 2018 est;

96 2054 209 2091 quem
236 2040 298 2077 ille
328 2053 350 2076 a
377 2046 483 2089 patre
512 2040 710 2088 expulsum
738 2040 988 2082 Alexandrea,
1015 2040 1223 2076 alienarum
1251 2055 1365 2090 opum

98 2105 337 2152 indigentem,
359 2109 557 2152 receperat.
615 2103 700 2152 Ipse
720 2110 848 2139 autern
868 2104 1103 2146 Ptoleinaeus,
1121 2117 1239 2152 quum
1258 2105 1366 2141 vivus

98 2169 172 2205 filio
195 2182 353 2216 regnum
376 2166 597 2210 tradidisset,
619 2167 667 2203 ab
690 2167 752 2203 illo
775 2165 903 2203 eodem
923 2167 1005 2203 vita
1027 2167 1196 2216 privatus
1216 2166 1364 2204 dicitur.

99 2236 132 2269 5.
160 2233 219 2269 Dc
242 2231 376 2281 quibus
395 2231 571 2281 quoniam
591 2231 680 2268 satis
700 2229 844 2267 dictum
864 2237 1053 2280 putamus,
1074 2245 1149 2267 11011
1168 2231 1366 2268 111001111110-

97 2297 189 2333 dum
217 2296 376 2339 videtur,
406 2309 482 2332 non
513 2295 700 2345 praeterire
733 2295 994 2331 Hamilcarem
1029 2301 1066 2331 ct
1094 2295 1364 2336 Hannibalem,

97 2374 186 2409 quos
213 2366 251 2397 et
279 2359 396 2396 animi
424 2359 696 2407 magnitudine,
718 2365 755 2396 ct
784 2358 990 2396 calliditate
1017 2371 1146 2396 omnes
1172 2358 1213 2395 in
1234 2356 1367 2394 Africa

98 2430 204 2460 natos
223 2423 435 2473 praestitisse
454 2429 610 2461 constat.
