1575 2771
124 219 165 264 2,
182 216 244 272 3.]
604 229 689 256 xm.
716 230 908 257 P110010N.
1338 222 1390 259 97

125 317 279 367 quoties,
300 316 481 355 liberatus
504 318 730 356 discesserat.
787 319 902 356 Hunc
924 332 999 355 non
1021 319 1141 355 solum
1163 317 1203 355 in
1220 318 1392 367 periculis

127 394 202 418 non
217 379 391 424 defendit,
408 382 471 418 sed
486 382 603 418 etiam
617 381 788 431 prodidit.
837 385 873 418 4.
897 382 1069 419 Concidit
1085 387 1214 418 autem
1228 382 1393 418 maxime

127 457 200 481 uno
216 444 381 489 crimine,
399 445 506 494 quod,
524 459 641 494 quum
656 445 755 494 apud
770 458 857 481 cum
877 458 1070 481 summum
1085 450 1178 481 05501
1193 445 1392 494 imperium

127 509 265 557 populi,
283 514 320 545 et
339 509 579 552 Nicanorem,
598 508 799 545 Cassandri
817 508 1045 557 praefectum,
1067 507 1234 545 insidiari
1253 508 1392 544 Piraeco

128 571 428 614 Atheniensium,
451 585 474 607 a
493 571 666 620 Dercyllo
688 578 900 608 moneretur
922 572 1093 620 idemque
1112 572 1327 621 postularet,
1348 578 1392 608 ut

129 634 346 683 provideret,
364 648 411 671 ne
425 634 696 671 commeatibus
715 634 848 671 civitas
862 635 1083 684 privaretur,
1100 635 1200 679 huic,
1219 636 1393 672 audiente

129 699 274 747 populo,
295 697 462 734 Phocion
483 697 637 746 negavit
657 711 733 734 0550
756 698 973 747 periculum,
995 712 1104 748 seque
1127 699 1206 747 ejus
1229 699 1281 735 rei
1301 699 1392 736 obsi-

129 761 215 797 dem
237 761 312 798 fore
339 761 525 810 pollicitus
553 767 619 798 est.
676 764 712 797 5.
738 761 872 810 Neque
895 761 951 798 ita
978 763 1098 798 multo
1120 768 1203 811 post
1225 762 1393 798 Nicanor

126 824 266 861 Piraeeo
285 830 341 861 est
355 824 505 874 potitus,
519 824 596 861 sine
611 838 682 873 quo
699 826 859 861 Athenae
875 825 1024 862 omnino
1039 839 1115 862 esse
1131 839 1205 862 non
1218 831 1390 874 possunt;

126 885 176 924 ad
194 900 306 937 quem
324 888 622 937 recuperandum
636 901 755 937 quum
772 889 931 937 populus
951 895 1118 925 armatus
1137 889 1390 933 concurrisset,

126 952 189 988 ille
215 965 290 988 non
316 950 425 988 modo
453 951 642 988 neminem
671 952 719 988 ad
747 964 854 988 arma
880 951 1042 995 vocavit,
1072 951 1135 988 sed
1161 964 1208 988 110
1236 951 1391 988 armatis

125 1015 276 1065 quidem
293 1027 447 1064 praeesse
465 1013 596 1051 voluit.

567 1196 804 1234 CAPUT
842 1196 942 1234 ΙΙΙ.

181 1275 213 1309 1.
238 1272 380 1309 ERANT
400 1285 441 1308 eo
460 1277 626 1321 tempore
645 1271 806 1308 Athenis
825 1271 906 1308 (111ῑο
926 1271 1113 1316 sactiones,
1134 1284 1295 1321 quarum
1313 1285 1391 1310 una

125 1335 249 1386 populi
268 1348 423 1372 causam
442 1335 587 1383 agebat,
606 1336 724 1371 altera
743 1335 983 1384 optimatum.
1039 1334 1088 1372 In
1106 1335 1178 1371 hac
1198 1341 1279 1372 erat
1294 1335 1390 1372 Pho-

123 1399 207 1436 cion
225 1405 262 1436 et
277 1386 494 1436 Demetrius
513 1399 728 1435 Phalereus.
784 1398 938 1435 Harum
956 1404 1115 1447 utraque
1135 1397 1391 1435 Macedonum

123 1461 339 1512 patrociniis
360 1462 565 1498 nitebatur.
622 1461 730 1498 Nam
752 1462 948 1510 populares
967 1461 1273 1511 Polysperchonti
1291 1461 1390 1498 fave-

127 1524 240 1570 bant;
270 1525 469 1574 optimates
496 1538 584 1562 cum
608 1523 817 1562 Cassandro
845 1525 1066 1562 sentiebant.
1124 1528 1159 1562 2.
1185 1525 1345 1562 Interim
1368 1538 1391 1561 a

124 1588 437 1638 Polysperchonte
453 1588 663 1625 Cassander
678 1588 904 1625 Macedonia
921 1590 1049 1637 pulsus
1068 1595 1134 1625 est.
1191 1589 1276 1634 Quo
1291 1588 1390 1625 facto

124 1652 282 1701 populus
301 1651 463 1700 superior
482 1651 602 1687 factus
621 1651 752 1687 statim
771 1649 883 1688 duces
904 1650 1123 1688 adversariae
1142 1651 1314 1688 factionis
1332 1665 1391 1688 ca-

124 1715 212 1765 pitis
230 1715 427 1752 damnatos
446 1715 570 1764 patria
588 1714 760 1764 propulit,
778 1714 818 1751 in
836 1714 894 1751 his
908 1715 1137 1751 Phocionem
1152 1721 1190 1751 01
1205 1714 1390 1752 Demetri-

125 1792 192 1815 um
207 1778 435 1815 Phalereum
449 1789 459 1823 ;
483 1776 600 1827 deque
615 1791 661 1814 ea
675 1791 713 1814 re
727 1778 868 1826 legatos
887 1778 935 1815 ad
954 1778 1305 1827 Polysperchontem
1323 1779 1390 1815 mi-

125 1841 182 1886 sit,
204 1841 268 1891 qui
287 1842 334 1878 ab
353 1855 394 1878 eo
413 1847 592 1890 peterent,
614 1847 658 1878 111
677 1854 745 1877 sua
763 1841 912 1877 decreta
929 1841 1179 1878 confirmaret.
1242 1844 1276 1878 3.
1302 1842 1391 1879 Huc

124 1903 254 1942 eodem
275 1904 461 1954 profectus
488 1910 544 1940 051
566 1904 743 1940 Phocion.
801 1903 884 1949 Quo
907 1910 951 1941 ut
974 1905 1090 1949 venit,
1112 1918 1268 1942 causam
1291 1906 1391 1954 apud

125 1968 345 2018 Philippum
366 1981 492 2017 regem
510 1967 632 2012 verbe,
654 1982 692 2005 re
711 1969 792 2018 ipsa
811 1969 961 2018 quidem
985 1971 1084 2019 apud
1102 1970 1389 2020 Polysperchon-

125 2038 204 2070 tem
220 2033 346 2080 jussus
368 2038 424 2069 est
446 2030 589 2077 dicere3
618 2045 783 2082 namque
806 2032 836 2069 is
858 2039 942 2070 tum
964 2033 1060 2082 regis
1087 2032 1197 2071 rebus
1218 2040 1388 2084 praeerat.

125 2098 160 2132 4.
186 2095 262 2132 Hic
282 2094 330 2132 ab
345 2093 543 2144 Agnonide
564 2101 772 2140 aecusatus,
789 2096 887 2144 quod
904 2096 1092 2134 Piraeeum
1111 2097 1293 2134 Nicanori
1312 2111 1377 2146 pro

124 2157 286 2202 didisset,
303 2172 350 2196 cx
365 2158 507 2196 consilii
522 2159 708 2196 sententia
723 2158 762 2195 in
781 2157 990 2211 custodiam
1006 2160 1204 2208 conjectus,
1219 2161 1389 2197 Athenas«

125 2221 308 2264 deductus
327 2229 392 2267 051,
413 2229 457 2260 111
476 2222 529 2260 ibi
547 2222 592 2260 de
611 2237 653 2260 eo
672 2221 817 2271 legibus
836 2223 942 2260 fieret
956 2222 1156 2271 judicium.
