1575 2771
385 593 635 650 XVIII.
708 590 1157 648 EUMENES.

613 785 852 822 CAPUT
891 786 923 822 I.

198 863 229 897 1.
259 859 458 901 Euzvmmzs,
481 857 702 895 Cardianus.
760 859 887 907 Hujus
906 858 936 894 si
957 857 1087 894 virtuti
1105 869 1173 905 par
1194 854 1286 892 data
1303 860 1397 891 esset

142 923 298 966 fortuna,
322 936 396 959 non
423 922 485 958 ille
513 922 664 970 quidem
690 922 820 969 major,
845 922 908 957 sed
933 921 1054 957 multo
1082 918 1257 956 illustrior
1286 923 1398 966 atque

141 986 258 1023 etiam
279 985 514 1022 honoratior:
544 985 641 1033 quod
668 998 825 1032 magnos
852 983 1020 1020 homines
1041 982 1182 1018 virtute
1207 981 1396 1023 metimur,

141 1062 214 1085 non
232 1048 391 1085 fortuna.
449 1050 484 1083 2.
515 1048 621 1083 Nam
641 1061 758 1096 quum
777 1053 866 1084 aetas
885 1047 963 1094 ejus
982 1045 1168 1082 incidisset
1186 1044 1225 1080 in
1244 1057 1288 1080 ea
1306 1049 1399 1080 tem-

141 1125 241 1160 pora,
262 1110 395 1160 quibus
419 1110 645 1146 Macedones
667 1110 851 1152 florerent,
872 1110 1039 1146 multum
1061 1108 1095 1144 ei
1117 1106 1280 1143 detraxit
1302 1106 1399 1142 inter

142 1174 206 1210 hos
225 1174 380 1216 viventi,
398 1174 495 1221 quod.
515 1174 643 1209 alienae
663 1179 744 1210 erat
762 1173 926 1209 civitatis
942 1185 949 1217 ;
978 1185 1098 1220 neque
1118 1169 1221 1207 aliud
1238 1170 1326 1206 huic
1341 1168 1399 1206 de-

142 1236 223 1280 fuit,
248 1249 363 1285 quam
386 1249 560 1284 generosa
586 1236 707 1284 stirps.
764 1238 799 1272 3.
830 1236 916 1272 Etsi
938 1235 1001 1272 ille
1029 1233 1228 1270 domestico
1256 1245 1400 1270 summo

141 1312 273 1347 genere
292 1305 373 1335 erat
390 1311 397 1343 ;
422 1305 553 1335 tamen
568 1299 794 1335 Macedones
813 1312 901 1335 eum
920 1298 989 1335 sibi
1009 1297 1206 1346 aliquando
1227 1295 1402 1345 anteponi

144 1361 290 1409 'ndigne
310 1362 478 1398 ferebant
494 1374 502 1406 ;
526 1375 646 1410 neque
666 1368 796 1398 tamen
813 1375 888 1398 non
906 1361 1158 1410 patiebantur.
1214 1358 1401 1395 Vincebat

142 1424 243 1461 enim
265 1437 391 1461 omnes
414 1437 515 1466 eura,
539 1424 749 1472 vigilantia,
773 1424 966 1473 patientia,
991 1422 1197 1460 calliditate
1219 1428 1257 1458 et
1280 1422 1401 1458 celeri-

143 1492 222 1523 tate
241 1487 391 1534 ingenii.
448 1489 484 1522 4.
515 1487 590 1523 Hic
609 1485 972 1535 peradolescentulus
992 1487 1038 1522 ad
1059 1485 1265 1522 amicitiam
1285 1497 1401 1521 acces-

143 1549 190 1586 sit
210 1549 386 1598 Phihppi,
403 1550 580 1598 Amyntae
599 1549 677 1592 filii,
693 1548 871 1598 brevique
890 1555 1054 1597 ternpore
1073 1549 1112 1585 in
1130 1549 1307 1585 intimam
1324 1561 1402 1596 per-

143 1612 247 1648 venit
266 1612 577 1648 familiaritatem.
635 1611 825 1660 Fulgebat
845 1612 946 1648 enim
964 1613 1047 1660 jam
1070 1612 1108 1648 in
1132 1611 1402 1648 adolescentulo

144 1674 283 1711 indoles
309 1675 471 1711 virtutis.
530 1677 564 1710 5.
596 1675 731 1723 Itaque
759 1688 847 1711 eum
869 1674 1004 1711 habuit
1028 1673 1075 1710 a'd
1097 1687 1256 1711 manum
1278 1674 1404 1711 scribae

145 1738 222 1774 loco
236 1750 242 1774 :
268 1736 365 1786 quod
380 1738 499 1774 multo
516 1738 616 1787 apud
631 1737 767 1774 Graios
782 1738 1082 1774 honorificentius
1095 1743 1160 1781 est,
1175 1751 1291 1786 quam
1306 1735 1405 1786 apud

145 1800 349 1837 Romanos.
406 1801 514 1837 Nam
543 1801 643 1849 apud
669 1814 745 1843 nos,
774 1814 904 1837 revera
931 1801 1027 1837 siout
1061 1807 1157 1844 sunt,
1187 1799 1404 1837 mercenarii

146 1862 272 1899 scribae
301 1863 590 1907 existimantur5
619 1869 661 1900 at
690 1864 789 1912 apud
816 1864 897 1899 illos
920 1877 939 1900 e
963 1863 1144 1899 contrario
1166 1876 1276 1899 nemo
1300 1864 1347 1900 ad
1367 1861 1406 1900 id

147 1925 313 1961 officium
329 1925 554 1968 admittitur,
571 1925 642 1962 nisi
661 1926 813 1962 honesto
832 1926 909 1962 loco
925 1932 962 1962 et
980 1925 1053 1962 fide
1071 1932 1109 1962 et
1129 1926 1311 1962 industria
1326 1939 1406 1974 cog-

147 1987 229 2024 nita
245 2000 252 2024 :
277 1986 374 2036 quod
393 2001 538 2024 neeesse
553 1994 608 2025 est
627 1988 795 2024 omnium
814 1988 1049 2025 consiliorum
1063 2001 1151 2025 eum
1169 2002 1244 2025 esse
1259 2002 1322 2038 pai
1331 1988 1406 2025 tici-

147 2064 245 2100 pem.
305 2053 339 2087 6.
370 2051 486 2088 Hunc
504 2051 629 2088 Iocum
651 2051 774 2088 tenuit
794 2051 968 2088 amicitiae
989 2052 1088 2100 apud
1107 2051 1323 2100 Philippum
1345 2064 1403 2087 an-

149 2126 214 2150 nos
233 2119 385 2162 septem.
442 2114 515 2150 Illo
534 2113 737 2157 interfecto,
755 2114 884 2150 eodem
902 2112 1021 2162 gradu
1040 2113 1111 2151 suit
1131 2112 1229 2162 apud
1246 2114 1406 2150 Alexan·

150 2175 260 2214 dmm
276 2189 391 2214 annos
406 2178 593 2214 tredecim.
650 2177 864 2214 Novissimo
879 2183 1043 2226 tempore
1058 2177 1206 2226 praefuit
1226 2177 1343 2213 etiam
1359 2176 1408 2212 al-

153 2244 240 2276 terae
258 2239 429 2288 equitum
445 2238 523 2282 alae,
541 2252 621 2288 quae
641 2238 826 2276 Hetaerice
842 2237 1112 2288 appellabatur.
1168 2238 1330 2287 Utrique
1346 2249 1409 2274 au-

154 2308 232 2339 tem
253 2302 293 2339 in
315 2302 464 2339 consil&
487 2314 630 2352 semper
653 2301 763 2339 affuit
786 2307 824 2339 et
845 2301 1014 2339 omnium
1035 2314 1161 2339 rerum
1182 2301 1334 2338 habitus
1355 2304 1410 2337 est

154 2365 341 2416 partimpo
