1575 2771
392 586 791 644 CORNELII
839 584 1199 642 NEPOTIS

234 720 845 776 FRAGMENTA
897 718 1351 784 INCERTA,

160 841 384 878 PARTIM
405 842 519 888 QUO
539 843 715 880 LIBRO
738 843 950 886 POSITA,
971 842 1197 879 PARTIM
1217 842 1426 887 QUIBUS

520 917 726 954 VERBIS
752 917 1061 954 CONCEPTA.

606 1093 847 1131 CAPUT
894 1093 976 1130 VI.

215 1173 248 1206 1.
269 1169 405 1206 NEPOS
421 1174 571 1206 auctore
587 1174 686 1205 certo
703 1169 921 1218 comperisse
937 1182 974 1205 se
991 1169 1055 1212 ait,
1075 1169 1119 1206 C.
1134 1169 1300 1206 Laelium
1316 1184 1428 1219 quon·

158 1233 248 1270 dam
269 1233 309 1269 in
330 1233 539 1270 Puteolano
563 1232 647 1270 Cal.
666 1232 829 1276 Martiis,
855 1231 1092 1269 admonitum
1120 1232 1168 1269 ab
1191 1247 1305 1270 uxore
1333 1239 1427 1270 tem-

157 1297 280 1347 perius
310 1303 355 1334 ut
387 1297 645 1340 discumberet,
676 1297 825 1345 petiisse
860 1295 907 1333 ab
938 1309 993 1340 ea,
1025 1310 1071 1333 ne
1104 1296 1404 1346 interpellaretur
1420 1309 1426 1334 :

158 1361 273 1398 serius
290 1359 446 1397 tandem
464 1360 673 1408 ingressum
693 1360 901 1397 triclinium
920 1360 1065 1403 dixisse,
1082 1374 1156 1397 non
1175 1374 1270 1410 saepe
1286 1361 1327 1397 in
1346 1361 1430 1398 scri-

157 1422 276 1461 bendo
295 1424 417 1473 magis
436 1424 648 1461 successisse
668 1424 738 1461 sibi
753 1436 761 1468 ;
786 1422 918 1461 deinde
937 1430 1123 1472 rogatum,
1143 1430 1188 1461 ut
1207 1424 1346 1475 scripta
1364 1425 1430 1462 illa

158 1488 344 1537 proferret,
373 1488 630 1536 pronuntiasse
658 1501 796 1531 versus,
826 1487 890 1536 qui
918 1494 1005 1525 sunt
1033 1488 1073 1524 in
1101 1487 1429 1537 ἑαυτοντιμωρου-

158 1551 262 1599 μένῳ
276 1563 283 1587 ;
312 1551 419 1587 Satis
430 1550 495 1598 pol
505 1557 680 1598 proterve
692 1563 753 1587 mc
770 1551 865 1600 Syri
879 1551 1071 1599 promissa
1085 1551 1160 1588 huc
1174 1551 1428 1589 induxerunt.

161 1615 344 1652 Donatus
364 1628 391 1650 s.
411 1614 516 1650 Suet.
538 1614 578 1650 in
596 1614 678 1650 vita
697 1614 862 1657 Terent„
884 1628 914 1650 c.
938 1616 972 1650 3.

214 1680 250 1714 2.
279 1678 327 1715 L.
350 1677 536 1714 Otacilius
566 1677 713 1720 Pilitus,
745 1678 971 1714 rhetoricam
1004 1678 1195 1727 professus,
1227 1679 1298 1716 Cn.
1321 1680 1431 1716 Pom—

159 1740 287 1790 peium
303 1740 436 1787 Magn.
455 1737 580 1776 docuit
595 1751 603 1783 3
627 1740 744 1788 patris
759 1740 839 1787 ejus
857 1753 913 1776 res
932 1746 1065 1787 gestas,
1082 1753 1150 1776 nec
1165 1741 1289 1777 minus
1304 1741 1428 1790 ipsius,

159 1803 411 1852 compluribus
426 1802 528 1839 libris
547 1803 716 1852 exposuit
731 1816 736 1839 :
761 1803 904 1852 primus
919 1803 1089 1840 omnium
1103 1804 1374 1848 libertinorum,
1388 1811 1432 1842 ut

161 1867 272 1904 Corn.
290 1867 418 1916 Nepos
440 1866 626 1915 opinatur,
648 1867 805 1903 scribere
827 1867 1023 1903 historiam
1050 1881 1161 1910 orsus,
1182 1881 1256 1904 non
1284 1868 1354 1905 nisi
1384 1869 1432 1906 ab

160 1930 419 1967 honestissimo
434 1943 576 1979 quoque
591 1930 699 1967 scribi
716 1930 876 1967 solitam.
929 1930 1098 1974 Sueton„
1116 1929 1161 1968 de
1178 1931 1279 1968 Clar.
1298 1932 1430 1977 Rhet„

160 2007 192 2030 c.
214 1996 251 2031 3.

215 2059 250 2094 3.
278 2057 426 2095 Cornel.
452 2058 581 2107 Nepos
605 2057 646 2095 in
668 2057 804 2102 libello,
830 2072 901 2107 quo
925 2057 1122 2107 distinguit
1147 2060 1361 2097 litteratum
1385 2062 1432 2098 ab

161 2121 317 2165 erudito,
337 2122 522 2158 litteratos
540 2122 655 2170 vulgo
675 2120 826 2171 quidem
847 2123 1027 2171 appellari
1047 2123 1101 2159 ait
1121 2137 1191 2167 eos,
1208 2124 1272 2173 qui
1291 2124 1433 2172 aliquid

162 2184 360 2232 diligenter
386 2191 425 2222 ct
453 2192 564 2222 acute
592 2185 820 2234 scienterque
846 2185 986 2234 possint
1013 2193 1080 2223 aut
1106 2187 1226 2223 dicere
1255 2193 1322 2223 aut
1349 2187 1432 2223 scri-

135 2255 142 2261 ·
167 2246 250 2283 berc
266 2259 273 2284 :
303 2253 472 2284 ceterum
490 2248 635 2297 proprie
655 2248 706 2284 sic
726 2247 966 2296 appellandos
984 2256 1183 2298 poetarum
1202 2249 1432 2298 interpretes,

163 2310 228 2359 qui
252 2323 274 2346 a
298 2310 440 2347 Graecis
467 2310 730 2359 γραμματικοί
756 2311 1008 2347 nominentur.
1070 2312 1190 2355 Suet„
1215 2310 1260 2349 de
1288 2312 1428 2351 Illustr.

165 2374 312 2416 Gram,
333 2387 364 2410 c.
383 2377 418 2409 4.

723 2483 880 2491 *-
