1575 2771
129 219 154 252 8
557 227 751 254 conNnLn
784 227 972 253 NEPo'ms.
1269 211 1329 266 [7‚
1354 215 1392 252 8.

127 315 195 354 bus
213 322 269 354 est
284 316 376 361 visa,
393 315 559 365 utrisque
575 315 679 353 venit
693 315 733 352 in
751 328 972 364 opinionem,
990 315 1140 363 signum
1159 328 1182 352 a
1197 315 1394 352 classiariis

125 380 234 429 regiis
255 379 400 418 datum.
457 383 493 417 4.
525 380 608 425 Quo
631 379 776 416 factum
804 385 871 422 est,
895 385 939 415 ut
967 384 1005 415 et
1029 378 1133 415 Parii
1161 392 1184 415 a
1206 377 1393 416 deditione

124 442 408 488 deterrerentur,
430 450 467 481 et
487 442 694 487 Miltiades,
716 443 863 486 timens,
884 456 931 479 ne
950 443 1077 479 classis
1092 443 1195 491 regia
1214 441 1381 480 adventa

125 514 192 551 ret,
215 508 374 545 incensis
401 507 581 557 operibus,
603 521 684 556 quae
708 513 905 550 statuerat,
930 519 1019 543 cum
1041 505 1199 543 totidem
1220 505 1392 550 navibus,

125 578 237 620 atque
257 578 338 608 erat
357 572 553 621 profectus,
576 571 749 608 Athenas
768 584 910 618 magna
929 583 1017 606 cum
1036 569 1234 606 offensione
1254 569 1392 607 civium

123 648 274 672 suorum
293 633 441 672 rediret.
499 637 534 671 5.
565 635 781 671 Accusatus
800 647 886 681 ergo
905 632 1133 683 proditionis,
1151 631 1258 682 quod,
1275 646 1393 682 quum

122 699 267 735 Parum
282 712 497 748 expugnare
517 704 648 747 posset,
668 711 691 734 a
705 711 790 745 rege
800 704 1008 747 corruptus,
1022 697 1168 733 inseetis
1187 696 1306 740 rebus,
1324 695 1392 733 dis-

122 763 297 799 cessisset.
355 763 414 799 Eo
437 769 603 810 tempore
627 775 723 810 aeger
746 767 828 798 erat
847 761 1075 804 vulneribus,
1097 774 1177 810 quae
1197 761 1236 797 in
1254 774 1392 810 oppug-

121 824 245 862 nando
265 824 397 874 oppido
419 831 626 874 acceperat.
683 825 820 872 Itaque
840 815 1019 873 quonjam
1037 824 1116 873 ipse
1130 838 1195 873 pro
1215 838 1253 860 se
1271 823 1406 877 dicere?

121 903 195 926 non
212 895 346 939 posset,
367 889 485 926 verba
502 888 591 925 fecit
610 888 726 925 frater
746 888 825 936 ejus
841 888 1055 937 Tisagoras.
1106 890 1141 924 6.
1165 888 1292 924 Causa
1312 902 1392 936 cog·

121 953 213 996 nita,
235 953 369 1002 capitis
393 952 594 995 absolutus,
615 952 776 1001 pecunia
795 953 983 989 multatus
1002 958 1068 995 est,
1090 965 1206 1000 eaque
1226 951 1270 988 lis
1289 951 1392 1000 quin-

121 1016 306 1065 quaginta
332 1016 486 1053 talentis
514 1015 704 1052 aestirnata
726 1021 792 1059 est,
814 1022 979 1064 quantus
1001 1015 1040 1051 in
1063 1016 1220 1052 classem
1243 1021 1392 1051 sumtus

122 1080 244 1117 factus
266 1086 359 1117 erat.
416 1080 530 1116 Hanc
549 1079 750 1128 pecuniam
769 1077 866 1128 quod
885 1080 1025 1116 solvere
1044 1079 1083 1116 in
1102 1079 1299 1128 praesentia
1318 1091 1392 1116 non

121 1150 278 1193 poterat,
304 1144 344 1180 in
366 1143 521 1180 vincula
548 1143 700 1192 publica
727 1143 916 1191 conjectus
944 1149 999 1180 est
1022 1143 1145 1192 ibique
1173 1141 1274 1180 diem
1301 1143 1392 1180 obiit

121 1221 350 1257 supremum.

541 1393 784 1430 CAPUT
821 1393 971 1430 VIII.

177 1472 210 1506 1.
241 1468 319 1505 Hic
349 1468 418 1506 etsi
441 1468 597 1505 erimine
619 1468 732 1505 Pario
755 1474 811 1505 est
835 1474 1042 1511 accusatus,
1068 1474 1199 1504 tamen
1222 1467 1297 1505 alia
1319 1467 1391 1505 fuit
1417 1498 1428 1510 .

121 1546 236 1569 causa
254 1531 517 1569 damnationis.
566 1532 745 1580 Namque
765 1531 1016 1568 Athenienses
1034 1538 1184 1580 propter
1203 1531 1391 1569 Pisistrati

120 1595 370 1645 tyrannidem,
392 1610 472 1645 quae
496 1595 625 1645 paucis
648 1595 756 1632 annis
779 1601 867 1632 ante
890 1594 1024 1637 fuerat,
1047 1595 1216 1631 omnium
1239 1608 1391 1632 suorum

121 1660 262 1697 civium
280 1659 490 1708 potentiam
510 1657 816 1695 extimescebant.
875 1661 909 1694 2.
939 1657 1145 1702 Miltiades,
1167 1659 1334 1695 multum
1351 1659 1392 1696 in

121 1723 284 1772 imperiis
303 1721 659 1771 magistratibusque
679 1729 860 1765 versatus,
881 1735 955 1758 non
974 1720 1173 1759 videbatur
1191 1736 1294 1771 posse
1314 1736 1391 1759 esse

121 1788 300 1837 privatus,
322 1787 528 1836 praesenim
547 1800 665 1835 quum
686 1784 952 1822 consuetudine
976 1784 1024 1822 ad
1042 1785 1188 1834 imperii
1208 1784 1390 1834 cupidita—

121 1858 200 1888 tem
222 1851 324 1887 trahi
344 1849 543 1886 videretur.
602 1852 637 1886 3.
668 1849 775 1886 Nam
796 1849 1017 1886 Chersonesi
1039 1862 1167 1885 omnes
1188 1849 1279 1892 illos,
1301 1863 1390 1898 quos

122 1914 326 1957 habitarat,
345 1927 460 1950 annos
478 1919 702 1962 perpetuam
722 1913 936 1949 obtinuerat
951 1911 1246 1950 dominationem
1265 1919 1390 1963 tyran·

119 1991 261 2027 nusque
280 1977 403 2014 suerat
423 1978 644 2026 appellatus,
663 1975 726 2013 sed
740 1977 876 2025 justus.
925 1976 1015 2013 Non
1034 1983 1115 2014 erat
1134 1976 1235 2013 enim
1249 1977 1287 2014 vi
1306 1990 1389 2014 con-

121 2048 279 2085 secutus,
301 2040 364 2078 sed
386 2055 537 2078 suorum
560 2041 768 2084 voluntate,
790 2054 948 2089 eamque
970 2046 1197 2090 potestatem
1219 2041 1389 2078 bonitate

120 2105 318 2143 retinebat.
376 2105 517 2142 Omnes
541 2111 669 2142 autem
692 2111 730 2141 et
753 2104 942 2141 habentur
965 2110 1003 2141 et
1026 2103 1202 2141 dicuntur
1225 2104 1386 2154 tyranni,

120 2170 182 2218 qui
201 2176 388 2218 potestate
408 2175 495 2206 sunt
514 2174 697 2218 perpetua
715 2168 755 2205 in
777 2182 823 2205 ea
841 2168 1006 2212 civitate,
1027 2182 1108 2218 quae
1128 2169 1301 2206 libertate
1319 2182 1390 2206 usa

120 2240 186 2270 est.
236 2236 272 2270 4.
297 2231 371 2270 Sed
390 2233 430 2269 in
449 2231 627 2269 Miltiade
646 2238 728 2269 erat
747 2246 864 2281 quum
885 2245 1035 2269 summa
1053 2233 1283 2276 humanitas,
1304 2239 1388 2270 tum

121 2297 217 2334 mira
240 2297 501 2340 communitas,
523 2303 567 2334 ut
595 2310 704 2333 nemo
732 2303 815 2333 tam
842 2296 996 2334 humilis
1023 2303 1129 2341 esset,
1151 2297 1210 2334 cui
1238 2311 1312 2335 non
1340 2296 1388 2335 ad

121 2375 207 2398 eum
229 2359 353 2398 aditus
370 2367 518 2410 pateret
533 2373 540 2406 3
571 2374 712 2409 magna
728 2360 930 2397 auctoritas
946 2359 1046 2410 apud
1061 2374 1188 2398 omncs
1204 2361 1385 2405 civitates,

121 2426 241 2462 nobile
263 2438 410 2469 nomen,
431 2425 515 2462 laus
537 2425 589 2462 rei
611 2425 786 2462 militaris
808 2424 988 2462 maxima.
1045 2425 1140 2462 Haec
1158 2426 1316 2474 populus
1334 2438 1387 2461 re—

122 2488 276 2535 spiciens
299 2489 434 2526 maluit
458 2503 545 2526 eum
568 2489 762 2526 innoxium
785 2489 909 2538 plecti,
935 2502 1049 2538 quam
1077 2503 1115 2526 se
1142 2487 1283 2526 diutius
1309 2502 1386 2526 esse

123 2564 160 2586 lu
180 2559 321 2588 umore.
