1575 2771
140 178 194 214 94
556 187 754 215 commui
787 187 976 214 Nm‘o‘ms.
1227 175 1314 230 [ll‚
1340 180 1403 217 12.

142 281 246 318 esset,
267 287 379 324 quem
405 273 553 312 tamdiu
579 281 733 323 tamque
758 275 869 311 valde
891 274 1114 317 timuissent,
1135 274 1242 322 cujus
1264 275 1304 311 in
1325 288 1403 324 per-

143 338 238 374 nicie
260 338 422 386 positam
450 351 553 386 spem
581 336 801 373 habuissent
828 336 1003 373 victoriae.
1061 338 1097 373 3.
1123 338 1178 373 At
1200 337 1402 380 Eumenes,

141 413 258 449 quum
281 401 421 436 diutius
444 401 483 436 in
505 400 666 438 vinculis
688 406 792 442 esset,
815 399 868 436 ait
891 399 1138 442 Onomarcho,
1159 413 1270 449 penes
1291 413 1403 449 quem

141 476 291 499 summa
314 463 459 512 imperii
482 469 563 499 erat
585 461 770 505 custodjae‚
792 475 829 498 se
851 462 991 505 mirari,
1012 475 1126 510 quare
1143 463 1227 510 jam
1249 463 1404 500 tertium

140 526 239 562 diem
267 526 318 562 sic
341 532 553 562 teneretur:
583 539 657 562 non
680 526 781 562 enim
804 526 874 561 hoc
897 525 1093 561 convenire
1116 525 1298 573 Antigoni
1319 539 1403 574 pru-

140 590 285 632 dentiae,
307 596 350 626 ut
373 590 424 626 sic
447 590 660 626 deuteretur
682 590 804 634 victo;
835 588 926 637 quin
945 595 1012 624 aut
1035 588 1204 631 interfici,
1227 594 1295 625 aut
1317 588 1402 624 mis-

140 666 224 689 sum
246 653 326 689 fieri
348 652 508 700 juberet.
565 656 601 688 4.
631 653 708 689 Hic
731 665 849 700 quum
871 651 1028 688 ferocius
1047 651 1285 688 Onomarcho
1304 651 1403 700 loqui

141 716 337 758 videretur,
366 715 505 763 Quid?
535 721 591 758 tu,
613 715 745 763 inquit,
765 715 900 751 animo
918 715 952 751 si
973 715 1046 751 isto
1064 727 1157 759 eras,
1174 728 1244 752 cur
1261 727 1339 751 non
1358 715 1404 751 in

143 776 278 826 proelz'o
292 777 461 814 cecidisti
474 777 617 826 potius,
631 789 753 826 quam
766 777 813 813 in
818 783 1042 825 potestatem
1056 778 1213 814 inimici
1228 777 1401 815 venires?

140 842 175 877 5.
196 840 300 877 Huic
316 841 509 877 Eumenes
525 853 531 877 :
569 840 734 878 Utinam
749 841 907 889 quidem
925 841 1033 877 istud
1051 841 1227 878 evenisset
1243 843 1259 878 .’
1283 842 1347 878 sed
1365 854 1404 878 co

138 917 218 941 ozon
243 904 397 948 accidit,
419 905 522 953 quod
548 916 769 953 numquam
787 917 875 941 cum
882 905 1050 954 fortiore
1072 917 1159 941 sum
1176 917 1402 953 congressus,

141 969 234 1005 ZVon
255 968 360 1004 enim
381 980 470 1004 cum
492 980 689 1016 quoquam
710 980 825 1004 arma
847 967 1002 1010 contuli,
1027 968 1127 1016 quin
1148 968 1182 1004 is
1203 968 1305 1004 mihi
1326 980 1404 1005 suc·

137 1031 320 1068 cubuerit.
379 1032 472 1068 IVon
499 1031 604 1067 enim
631 1031 775 1068 virtute
795 1030 973 1074 hostium,
997 1031 1062 1067 sed
1082 1031 1298 1067 amicorum
1319 1043 1404 1079 per-

137 1094 247 1145 fidia
265 1094 402 1130 decidi.
459 1094 595 1143 Neque
617 1094 656 1131 id
670 1094 818 1131 falsum.
875 1094 983 1130 Nam
1001 1100 1038 1130 et
1054 1095 1237 1143 dignitate
1252 1094 1324 1131 suit
1342 1095 1404 1131 ho-

137 1163 255 1200 nesta,
285 1163 323 1194 et
350 1157 493 1194 viribus
521 1158 569 1194 ad
595 1158 762 1194 laborem
795 1155 990 1194 serendum
1017 1157 1145 1201 firmis,
1174 1170 1294 1207 neque
1321 1164 1404 1194 tam

138 1233 276 1269 magno
295 1234 453 1271 corpore,
474 1234 590 1270 quam
610 1221 731 1269 figura
749 1226 920 1257 venusta.

561 1405 803 1442 CAPUT
855 1404 977 1441 XII.

194 1483 227 1516 1.
249 1479 312 1517 DE
331 1480 402 1517 hoc
422 1480 634 1528 Antigonus
653 1492 772 1528 quum
788 1479 884 1516 solus
903 1478 1127 1515 constituere
1141 1491 1216 1515 non
1235 1478 1399 1522 auderet,

137 1541 186 1579 ad
205 1543 401 1580 consilium
419 1543 559 1580 retulit.
618 1543 693 1580 Hic
713 1556 831 1591 quum
853 1542 1017 1591 plerique
1039 1555 1166 1578 omnes
1185 1542 1305 1590 primo
1323 1555 1402 1591 per·

135 1605 280 1643 turbati
308 1604 593 1649 admirarentur,
616 1619 691 1642 non
713 1606 797 1653 jam
825 1603 870 1641 de
894 1618 935 1643 eo
963 1611 1132 1642 sumtum
1161 1618 1237 1641 esse
1266 1605 1402 1654 suppli·

136 1669 250 1713 cium,
275 1682 298 1705 a
321 1683 393 1718 quo
415 1675 472 1706 tot
497 1682 611 1706 annos
635 1667 726 1706 adeo
748 1675 870 1705 essent
892 1669 994 1705 male
1016 1667 1147 1712 habiti,
1168 1674 1213 1706 ut
1236 1682 1330 1719 saepe
1353 1667 1402 1706 ad

135 1733 431 1782 desperationem
450 1733 570 1770 forent
593 1731 746 1769 adducti
764 1745 772 1777 ;
803 1732 939 1781 quique
957 1731 1142 1768 maximos
1161 1732 1273 1769 duces
1291 1732 1401 1769 inter-

134 1795 301 1840 secisset3
359 1798 394 1831 2.
426 1795 598 1843 Denique
626 1795 666 1831 in
694 1808 765 1843 quo
793 1807 868 1830 uno
897 1800 991 1830 essct
1019 1800 1182 1838 tantum,
1203 1800 1257 1837 ut,
1279 1795 1401 1843 quoad

134 1858 196 1894 ille
210 1858 365 1900 viveret,
382 1857 452 1906 ipsi
472 1858 590 1894 securi
605 1870 680 1893 esse
696 1870 770 1893 non
788 1863 946 1906 possent,
963 1856 1168 1900 interfecto,
1186 1858 1280 1894 nihil
1296 1857 1400 1895 habi-

134 1921 209 1957 turi
224 1921 363 1968 negotii
382 1926 503 1957 essent
521 1933 527 1957 z
552 1926 746 1969 postremo,
764 1919 793 1956 si
813 1920 867 1956 illi
886 1918 1054 1956 redderet
1073 1919 1246 1963 salutem,
1263 1934 1400 1969 quaerc-

133 1982 237 2026 bant,
262 1984 396 2032 quibus
419 1983 548 2020 amicis
571 1989 665 2020 esset
690 1982 853 2019 usurus?
884 1996 960 2019 sese
988 1983 1089 2019 enim
1116 1996 1204 2019 cum
1227 1983 1400 2020 Eumene

134 2047 233 2096 apud
256 2059 343 2083 eum
366 2060 440 2083 non
462 2046 614 2083 futuros.
672 2048 708 2082 3.
738 2045 824 2089 Hic,
850 2046 1000 2094 cognita
1027 2046 1168 2083 consilii
1190 2047 1397 2090 voluntate,

133 2116 263 2147 tamen
281 2123 396 2158 usque
417 2108 464 2146 ad
483 2109 685 2158 septimum
707 2109 807 2146 diem
825 2107 1053 2146 deliberandi
1073 2109 1142 2146 sibi
1161 2110 1327 2159 spatium
1346 2123 1399 2147 re-

132 2172 253 2222 liquit.
310 2172 414 2209 Tum
431 2179 571 2216 autem,
588 2185 707 2222 quum
720 2173 804 2221 jam
818 2178 1018 2215 vereretur,
1035 2186 1082 2209 ne
1101 2186 1177 2222 qua
1195 2171 1324 2210 seditio
1338 2186 1398 2210 ex·

133 2236 270 2274 erc-itus
289 2236 456 2280 oriretur,
477 2236 601 2273 vetuit
621 2236 669 2273 ad
690 2249 778 2273 eum
800 2249 1029 2285 quemquam
1048 2234 1200 2273 admitti
1222 2242 1260 2273 et
1281 2236 1398 2285 quoti·

132 2298 288 2337 dianum
303 2299 448 2336 victum
469 2299 633 2336 amoveri
646 2299 770 2347 jussit.
827 2299 934 2336 Nam
951 2299 1126 2347 negabat,
1143 2312 1181 2336 se
1199 2299 1233 2336 ei
1248 2299 1327 2336 vim
1347 2299 1397 2336 al-

132 2363 310 2406 laturum,
336 2363 399 2412 qui
422 2363 621 2412 aliquando
649 2363 777 2400 suisset
799 2362 952 2399 amicus.
1009 2366 1045 2398 4.
1075 2362 1150 2399 Hic
1173 2368 1301 2398 tamen
1322 2374 1396 2398 non

134 2427 294 2475 amplius
317 2440 431 2475 quam
453 2427 623 2463 triduum
646 2426 746 2463 samc
769 2426 962 2474 fatigatus,
988 2439 1105 2474 quum
1128 2431 1250 2462 castra
1274 2438 1393 2461 move-

135 2496 270 2532 rentur,
293 2490 468 2526 insciente
490 2490 688 2537 Antigono,
707 2490 902 2537 jugulatus
923 2496 975 2525 cst
997 2501 1017 2524 a
1038 2488 1257 2524 custodibus.
