1575 2771
133 213 159 248 4
559 219 754 247 conNnLu
786 218 973 245 NEPOTIS.
1272 205 1331 257 [2,
1352 208 1388 244 3.

594 359 835 397 CAPUT
874 359 940 396 II.

190 439 222 473 1.
253 436 313 473 Im
334 435 438 472 brevi
461 441 627 483 tempore
649 433 894 471 barbarorum
918 432 1030 481 copiis
1049 430 1221 480 disjectis,
1242 438 1323 469 tota
1342 445 1393 469 re-

134 499 251 548 gione,
277 512 392 547 quam
413 498 583 547 petierat,
608 497 757 546 potitus,
782 497 864 533 loca
887 496 1049 533 castellis
1075 494 1208 532 idonea
1231 509 1395 532 commu-

134 562 240 606 nivit,
261 560 556 603 multitudinem,
578 574 693 609 quam
716 573 842 597 secum
865 558 1035 603 duxerat,
1057 559 1096 595 in
1122 559 1220 606 agris
1243 559 1394 596 colloca-

135 625 202 669 vit,
224 625 430 674 crebrisque
453 624 731 661 excursionibus
746 623 1003 671 locupletavit.
1061 625 1096 658 2.
1118 622 1253 670 Neque
1271 622 1396 658 minus

136 689 175 725 in
194 702 239 725 ea
254 702 292 725 re
312 686 522 737 prudentia,
540 700 654 736 quam
669 687 858 730 felicitate,
876 685 1027 735 adjutus
1043 692 1109 723 est.
1157 686 1264 722 Nam
1279 699 1397 735 quum

139 751 277 787 virtute
305 750 472 786 militum
493 750 660 786 hostium
683 747 878 786 devicisset
901 749 1094 792 exercitus,
1117 762 1265 785 summa
1287 748 1397 797 aequi-

137 819 216 850 tate
257 826 314 849 res
355 812 549 849 constituit
591 818 703 860 atque
744 812 820 860 ipse
857 810 995 848 ibidem
1033 825 1184 848 manere
1217 811 1393 848 decrevit.

138 879 172 913 3.
199 877 298 913 Erat
317 876 417 912 enim
437 875 534 911 inter
553 888 613 911 eos
632 873 815 923 dignitate
841 874 953 922 regia,
975 874 1148 922 quamvis
1167 875 1318 911 carebat
1336 888 1397 911 no-

138 940 257 984 mine;
287 953 406 988 neque
433 938 471 975 id
497 939 618 986 magis
646 938 810 987 imperio,
838 951 954 986 quam
975 937 1136 986 justitia,
1167 943 1395 974 consecutus.

138 1003 271 1052 Neque
287 1016 328 1039 eo
344 1002 461 1039 secius
474 1001 773 1045 Atheniensibus,
790 1015 812 1037 a
824 1001 957 1049 quibus
973 1007 1054 1037 erat
1069 1001 1262 1049 profectus
1277 1000 1400 1037 officia

139 1066 351 1117 praestabat.
400 1065 546 1111 Quibus
565 1065 674 1102 rebus
688 1066 813 1108 fiebat,
831 1072 874 1101 ut
893 1079 968 1101 non
986 1065 1111 1101 minus
1129 1078 1257 1101 eorum
1272 1065 1398 1101 volun-

139 1136 218 1166 tate
240 1135 417 1178 perpetuo
440 1129 640 1177 imperinm
661 1127 855 1171 obtineret,
880 1128 943 1176 qui
970 1128 1161 1171 miserant,
1186 1141 1301 1177 quam
1323 1128 1399 1165 illo-

141 1206 235 1235 rum,
250 1206 336 1229 cum
348 1191 481 1240 quibus
496 1198 577 1228 erat
588 1191 784 1240 profectus.
825 1194 860 1227 4.
877 1191 1104 1228 Chersoneso
1116 1191 1185 1228 tali
1197 1190 1305 1228 modo
1318 1205 1399 1228 con-

140 1255 284 1299 stituta,
306 1256 501 1292 Lemnum
523 1255 723 1291 revertitur
742 1260 780 1291 et
800 1268 846 1291 ex
865 1261 974 1304 pacto
994 1255 1171 1304 postulat,
1192 1261 1236 1292 ut
1255 1255 1323 1292 sibi
1342 1268 1400 1292 ur-

141 1318 227 1356 bem
249 1318 413 1356 tradant.
471 1319 534 1356 Illi
557 1319 657 1356 enirn
676 1317 860 1361 dixerant,
882 1332 1011 1367 quum,
1032 1325 1144 1355 vento
1162 1317 1275 1355 borea
1294 1317 1400 1355 domo

143 1384 334 1433 profectus,
357 1398 398 1420 eo
421 1383 657 1433 pervenisset,
683 1397 759 1420 sese
782 1381 992 1427 dedituros3
1023 1396 1060 1419 se
1088 1388 1218 1419 autem
1245 1381 1401 1418 domum

142 1448 361 1485 Chersonesi
380 1447 528 1484 habere.
578 1449 613 1484 5.
636 1447 762 1491 Cares,
779 1447 842 1496 qui
861 1453 946 1484 tum
965 1447 1159 1483 Lemnum
1177 1447 1399 1490 incolebant,

144 1511 211 1548 etsi
238 1518 372 1560 praeter
400 1511 610 1560 opinionem
637 1524 695 1547 res
723 1509 916 1553 ceciderat,
941 1516 1082 1553 tamen,
1106 1524 1180 1546 non
1207 1509 1316 1553 dieto,
1338 1508 1400 1546 sed

143 1573 304 1612 secunda
322 1574 472 1611 fortuna
492 1573 789 1610 adversariorum
808 1574 919 1622 capti,
936 1573 1102 1610 resistere
1122 1573 1203 1610 ausi
1221 1586 1295 1610 non
1314 1580 1401 1610 sunt

144 1644 256 1687 atque
276 1652 322 1675 ex
340 1638 463 1674 insula
477 1636 747 1685 demigrarunt.
795 1637 884 1673 Pari
900 1637 1077 1673 felicitate
1093 1643 1234 1674 ceteras
1249 1636 1399 1680 insulas,

145 1715 223 1751 quae
244 1700 426 1751 Cyclades
448 1701 702 1745 nominantur,
724 1700 793 1737 sub
813 1700 1104 1737 Atheniensium
1125 1699 1267 1749 redegit
1284 1706 1402 1751 potes-

147 1771 275 1802 tatem.

590 1943 820 1980 CAPUT
857 1942 958 1980 III.

200 2023 232 2057 1.
263 2020 413 2057 EISDEM
442 2017 669 2068 temporibus
692 2019 895 2055 Persarum
916 2031 983 2055 rex
1005 2017 1155 2062 Darius,
1179 2031 1226 2054 ex
1247 2017 1342 2055 Asia
1364 2017 1400 2055 in

144 2083 339 2132 Europam
362 2082 527 2119 exercitu
546 2082 713 2130 trajecto,
737 2081 886 2131 Scythis
907 2080 1049 2118 bellum
1070 2081 1203 2118 inferre
1225 2079 1400 2119 decrevit.

143 2147 304 2183 Pontem
323 2146 410 2183 fecit
425 2146 464 2182 in
478 2145 609 2182 Histro
625 2145 791 2188 flumine,
810 2158 884 2193 qua
899 2145 1021 2194 copias
1036 2143 1259 2182 traduceret.
1307 2145 1403 2193 Ejus

143 2223 210 2260 pon
222 2210 275 2254 tis,
296 2209 386 2247 dum
405 2210 481 2259 ipse
502 2208 655 2253 abesset,
677 2207 846 2246 custodes
864 2208 1012 2257 reliquit
1031 2208 1223 2257 principes,
1244 2222 1333 2257 quos
1352 2222 1403 2245 sc—

145 2287 232 2310 cum
255 2287 301 2310 ex
320 2274 428 2311 Ionia
450 2279 488 2310 et
508 2272 659 2310 AEolide
682 2271 864 2318 duxerat3
895 2274 1028 2322 quibus
1055 2273 1210 2321 singulis
1238 2273 1402 2323 ipsarum

144 2337 295 2374 urbium
322 2343 504 2386 perpetua
531 2335 684 2373 dederat
711 2336 879 2385 imperia.
937 2339 972 2373 2,
1005 2336 1067 2374 Sic
1099 2337 1200 2373 enim
1227 2336 1402 2373 facillime

145 2400 296 2449 putavit
324 2413 361 2437 se
390 2400 526 2436 Graeca
553 2399 683 2448 lingua
710 2400 912 2448 loquentes,
937 2399 1001 2448 qui
1028 2399 1162 2436 Asiam
1189 2400 1401 2444 incolerent,

145 2465 213 2502 sub
236 2478 304 2502 sua
326 2470 562 2501 retenturum
584 2470 780 2513 potestate,
805 2463 835 2500 si
858 2463 987 2501 amicis
1010 2463 1084 2500 suis
1106 2462 1241 2512 oppida
1263 2461 1402 2500 tuenda
