1575 2771
414 447 617 505 XXII.
691 447 1196 504 HAMILGAR.

646 642 888 681 CAPUT
925 643 959 682 1.

228 721 262 754 1.
290 717 513 760 HAMthAR,
535 717 763 755 Hannibalis
789 718 898 762 filius,
923 717 1142 766 cognomine
1170 719 1323 761 Bareas,
1346 717 1419 756 Car

170 781 426 830 thaginiensis,
449 781 569 831 primo
597 781 740 818 Punico
766 781 873 825 bello,
904 780 968 818 sed
995 781 1223 831 temporibus
1248 782 1436 826 extremis,

173 843 378 882 admodum
402 843 698 882 adolescentulus
720 845 759 882 in
784 845 912 882 Sicilia
933 859 1087 894 praeessc
1111 846 1221 894 coepit
1243 845 1435 883 exercitui.

173 911 210 945 2.
235 909 365 954 Quum
385 915 472 945 ante
492 909 570 957 ejus
585 908 792 946 adventum
807 915 845 946 et
863 909 960 945 mari
979 916 1016 945 et
1035 916 1136 945 terra
1153 910 1254 945 male
1269 923 1326 946 res
1340 923 1439 958 gere-

172 979 303 1010 rentur
333 972 716 1019 Carthaginiensium,
746 972 833 1020 ipse,
863 971 928 1008 ubi
957 971 1076 1015 affuit,
1106 985 1316 1021 numquam
1343 973 1438 1009 hosti

172 1035 292 1078 cessit,
312 1047 432 1083 neque
450 1035 575 1071 locum
594 1033 751 1072 nocendi
770 1033 881 1078 dedit,
900 1049 1066 1084 saepeque
1086 1049 1106 1072 e
1126 1036 1321 1080 contrario,
1338 1050 1441 1073 occa-

172 1098 273 1136 sione
285 1096 386 1142 data,
400 1098 588 1135 lacessivit
603 1112 819 1148 semperque
832 1099 996 1148 superior
1009 1098 1185 1137 discessit.
1227 1101 1312 1146 Quo
1328 1101 1438 1145 sacto,

173 1175 292 1212 quum
313 1175 417 1212 paene
445 1162 573 1199 omnia
599 1162 639 1199 in
660 1163 789 1200 Sicilia
811 1163 918 1200 Poeni
947 1163 1167 1207 amisissent,
1191 1164 1255 1201 ille
1277 1165 1440 1214 Erycem

173 1226 225 1263 sic
240 1224 415 1270 defendit,
432 1232 477 1263 ut
492 1225 635 1263 bellum
653 1240 695 1263 eo
714 1227 792 1263 loco
811 1234 961 1275 gestum
979 1241 1053 1264 non
1073 1226 1272 1265 videretur.
1322 1231 1357 1266 3.
1379 1229 1427 1266 In

173 1290 286 1328 terim
306 1290 648 1338 Carthaginienses,
666 1291 781 1327 classe
801 1289 902 1340 apud
920 1291 1061 1328 insulas
1080 1292 1241 1340 AEgates
1261 1305 1284 1329 a
1300 1292 1344 1329 C.
1362 1293 1427 1329 Lu

128 1362 132 1367 '
173 1354 279 1398 tatio,
304 1354 452 1391 consule
475 1354 749 1398 Romanorum,
775 1355 950 1404 superati,
976 1361 1191 1392 statuerunt
1216 1354 1306 1392 belli
1326 1355 1439 1392 finem

174 1417 306 1461 facere,
331 1431 488 1466 eamque
510 1431 591 1455 rem
614 1417 765 1455 arbitrio
787 1418 1036 1468 permiserunt
1058 1419 1300 1455 Hamilcaris.
1357 1419 1440 1462 Ille,

175 1481 244 1518 etsi
257 1480 447 1529 flagrabat
461 1480 628 1518 bellandi
643 1481 862 1531 cupiditate,
879 1489 1008 1519 tamen
1026 1482 1111 1532 paci
1126 1481 1362 1519 serviendum
1377 1496 1442 1532 pu-

176 1544 286 1587 tavit,
304 1543 402 1592 quod
419 1545 584 1593 patriam
602 1545 829 1582 exhaustam
848 1545 1034 1582 sumtibus
1049 1544 1191 1582 diutius
1206 1546 1442 1583 calamitates

178 1606 266 1644 belli
293 1607 385 1644 ferre
411 1620 485 1643 non
512 1621 614 1656 posse
646 1607 908 1655 intelligebat3
964 1611 1001 1644 4.
1039 1609 1113 1645 Sed
1145 1609 1210 1652 ita,
1240 1616 1284 1645 ut
1312 1609 1443 1646 statim

177 1677 303 1708 mente
327 1671 498 1719 agitaret,
520 1670 550 1706 si
571 1671 742 1720 paullum
763 1671 872 1707 modo
900 1684 956 1708 res
984 1678 1104 1708 essent
1131 1671 1442 1717 refectae,be]lum

177 1748 355 1772 renovare
374 1734 642 1782 Romanosque
663 1734 776 1770 armis
794 1735 973 1783 persequi,
996 1733 1172 1772 donicum
1191 1741 1258 1772 aut
1277 1741 1376 1772 certe
1390 1735 1442 1772 vi-

178 1798 323 1841 cissent,
349 1803 415 1834 aut
443 1797 534 1834 victi
556 1811 692 1834 manus
714 1796 909 1834 dedissent.
968 1800 1002 1834 5.
1033 1799 1117 1835 Hoc
1140 1799 1288 1836 consilio
1309 1813 1442 1849 pacem

177 1861 401 1905 conciliavit,
421 1861 462 1898 in
481 1875 556 1910 qua
577 1867 688 1898 tanta
710 1861 782 1898 fuit
804 1861 948 1905 ferocia,
970 1875 1088 1911 quum
1109 1862 1270 1899 Catulus
1288 1870 1442 1911 negaret

175 1925 318 1963 bellum
337 1925 641 1974 compositurum,
662 1924 732 1962 nisi
755 1925 818 1962 ille
838 1939 925 1962 cum
944 1926 1029 1969 suis,
1051 1926 1114 1974 qui
1134 1926 1297 1975 Erycem
1316 1932 1443 1964 tenue·

175 1996 275 2032 runt,
301 1989 415 2026 armis
437 1988 587 2032 relictis,
615 1988 744 2025 Sicilia
766 1987 995 2033 decederent,
1015 1996 1069 2032 ut,
1091 1989 1357 2027 succumbente
1379 2004 1442 2040 pa-

175 2053 261 2096 tria,
286 2053 363 2102 ipse
385 2052 596 2102 periturum
623 2066 660 2089 se
682 2052 805 2101 potius
827 2051 974 2096 dixerit,
999 2066 1115 2102 quam
1137 2066 1226 2090 cum
1247 2059 1355 2090 tanto
1377 2054 1443 2091 fla-

177 2116 268 2164 gitio
290 2115 445 2153 domum
466 2114 612 2153 rediret.
670 2116 760 2152 Non
782 2116 882 2152 enim
906 2129 980 2152 suae
1004 2129 1081 2153 esse
1102 2116 1265 2160 virtutis,
1291 2130 1398 2153 arma
1421 2130 1443 2154 a

125 2226 132 2232 ι
178 2179 302 2228 patria.
325 2185 480 2228 accepta
507 2177 682 2216 adversus
703 2179 827 2216 hostes
853 2178 1074 2216 adversariis
1102 2177 1260 2216 tradere.
1317 2179 1443 2227 Hujus

178 2241 391 2291 pertinaciae
410 2242 519 2278 cessit
538 2241 712 2278 Catulus.

774 2372 858 2411 EQ
