1575 2771
155 204 236 242 114
580 217 776 243 conamen
809 217 995 244 ΝΕΡΟΤῙΞ.
1270 202 1329 257 [9,
1354 207 1418 244 10.

149 304 317 342 fortunas
336 304 484 343 illorum
505 305 591 342 fidei
610 305 767 342 credere.
825 305 897 342 His
916 306 956 342 in
974 319 1135 343 errorem
1154 305 1326 351 inductis,
1348 313 1419 344 sta·

149 374 236 406 tuas
259 382 404 413 aeneas,
429 382 521 418 quas
543 382 671 406 secum
692 367 878 417 portabat,
901 382 1028 406 omnes
1050 383 1119 406 sua
1140 370 1300 419 pecunia
1322 384 1419 408 com-

147 433 236 482 plet,
252 437 386 481 eaSque
401 433 440 468 in
454 432 651 482 propatulo
667 430 767 469 domi
783 431 923 481 abjicit.
981 435 1016 469 4.
1040 432 1217 482 Gortynii
1233 435 1419 484 templum

147 509 289 545 magna
308 510 399 534 cura
418 495 643 540 custodiunt,
664 510 739 533 non
761 502 844 534 tam
864 510 887 534 a
906 497 1046 542 ceteris,
1067 510 1183 547 quam
1206 499 1254 535 ab
1272 498 1418 536 Hanni-

147 559 242 605 bale,
263 575 310 598 ne
329 561 402 605 ille,
425 560 668 598 inscientibus
688 561 756 605 his,
778 562 926 599 tolleret
945 575 1146 611 secumque
1166 560 1330 599 duceret.

611 743 853 781 CAPUT
899 744 952 781 X.

203 822 235 855 1.
263 818 327 856 S1c
365 818 592 855 conservatis
615 818 691 855 suis
718 819 839 862 rebus,
861 819 1009 862 Pcenus,
1034 819 1152 856 illusis
1176 819 1417 857 Cretensibus

145 882 328 927 omnibus,
351 881 398 920 ad
418 882 595 919 Prusiam
613 883 653 919 in
672 883 840 919 Pontum
859 883 1039 932 pervenit.
1096 883 1212 932 Apud
1230 896 1343 932 quem
1361 896 1417 920 eo-

145 947 231 983 dem
261 947 385 983 am'mo
413 946 486 983 suit
515 960 604 995 erga
631 947 800 990 Italiam,
824 960 946 996 neque
975 947 1078 984 aliud
1101 945 1308 996 quidquam
1329 947 1416 996 egit,

144 1023 260 1060 quam
273 1023 399 1058 regem
414 1011 578 1047 armavit
591 1016 628 1047 et
641 1010 808 1047 exercuit
822 1009 998 1047 adversus
1008 1011 1213 1048 Romanos.
1246 1014 1280 1048 2.
1292 1010 1418 1056 Quem

145 1087 261 1123 quum
281 1074 425 1111 videret
445 1074 656 1111 domesticis
675 1072 785 1111 rebus
803 1074 928 1111 minus
951 1088 1026 1111 esse
1045 1075 1250 1118 robustum,
1272 1074 1418 1111 coneili-

146 1138 237 1175 abat
260 1144 400 1175 ceteros
423 1152 526 1187 reges
550 1137 852 1186 adiungebatque
874 1138 1068 1175 bellicosas
1095 1138 1276 1175 nationes.
1333 1138 1419 1174 Dis-

145 1199 292 1238 sidebat
313 1202 360 1238 ab
380 1215 422 1238 eo
442 1202 698 1250 Pergamenus
718 1215 794 1244 rex,
816 1201 1018 1244 Eumenes,
1037 1200 1225 1238 Romanis
1245 1200 1419 1238 amicissi-

145 1280 240 1310 mus,
264 1265 480 1315 bellumque
509 1266 606 1303 inter
633 1279 694 1302 eos
717 1264 916 1314 gerebatur
938 1271 976 1302 ct
1004 1265 1101 1302 mari
1124 1272 1162 1302 et
1190 1271 1317 1310 terra;
1347 1278 1419 1314 quo

146 1330 267 1378 magis
289 1329 467 1379 cupiebat
495 1344 584 1366 eum
607 1329 805 1366 Hannibal
833 1329 1003 1379 opprimi.
1061 1331 1096 1366 3.
1125 1330 1196 1366 Sed
1221 1329 1419 1378 utrobique

148 1394 339 1430 Eumenes
350 1394 435 1443 plus
448 1394 600 1431 valebat
612 1400 762 1443 propter
774 1393 1039 1430 Romanorum
1051 1393 1267 1430 societatem
1282 1406 1288 1430 :
1306 1406 1418 1442 quem

146 1458 176 1495 si
190 1458 417 1501 removisset,
432 1458 598 1495 faciliora
614 1458 682 1494 sibi
698 1464 821 1494 cetera
837 1457 910 1494 fore
928 1457 1195 1494 arbitrabatur.
1239 1455 1302 1494 Ad
1317 1457 1420 1494 hunc

147 1522 447 1559 interficiendum
462 1523 580 1559 talem
597 1522 680 1559 iniit
696 1522 892 1558 rationem.
941 1524 977 1557 4.
1001 1521 1130 1558 Classe
1146 1521 1275 1570 paucis
1291 1519 1420 1558 diebus

146 1595 254 1623 erant
289 1586 486 1623 decreturi.
546 1586 807 1635 Superabatur
839 1585 998 1622 navium
1030 1583 1275 1622 multitudine
1294 1597 1302 1629 ;
1338 1585 1420 1622 dolo

146 1656 228 1687 erat
256 1648 514 1700 pugnandum,
547 1662 664 1698 quum
694 1663 762 1698 par
792 1663 866 1686 non
896 1655 991 1685 essct
1022 1649 1145 1685 armis.
1211 1649 1421 1699 Imperavit

146 1727 261 1763 quam
288 1714 471 1764 plurimas
497 1720 703 1750 venenatas
728 1720 915 1762 serpentes
940 1713 1048 1750 vivas
1070 1713 1195 1761 colligi
1220 1727 1355 1763 easque
1380 1714 1420 1751 in

147 1792 240 1815 vasa
262 1778 395 1815 fictilia
417 1778 561 1827 conjici.
620 1780 655 1814 5.
680 1778 833 1814 Harum
856 1791 974 1826 quum
997 1777 1212 1814 confecisset
1238 1790 1419 1826 magnam

146 1842 443 1885 multitudinem,
469 1842 528 1878 die
551 1841 639 1891 ipso,
664 1855 735 1890 quo
764 1841 934 1878 facturus
962 1847 1043 1877 erat
1070 1841 1207 1878 navale
1233 1841 1416 1890 proelium,

147 1905 353 1941 classiarios
373 1911 564 1948 convocat,
581 1905 711 1954 hisque
734 1905 912 1954 praecipit,
935 1918 1062 1941 omnes
1082 1910 1125 1941 ut
1144 1905 1184 1941 in
1204 1918 1321 1941 unam
1341 1905 1418 1941 Eu-

147 1968 266 2005 menis
289 1968 384 2017 regis
408 1974 631 2005 concurrant
654 1982 803 2011 navem,
826 1982 849 2004 a
871 1968 1002 2005 ceteris
1021 1974 1174 2005 tantum
1197 1968 1287 2004 satis
1306 1968 1418 2004 habe·

148 2038 215 2069 ant
229 2046 267 2069 se
282 2030 486 2069 defendere.
544 2032 591 2069 Id
610 2031 717 2069 facilc
733 2032 814 2069 illos
829 2032 1058 2081 serpentium
1077 2030 1320 2069 multitudine
1334 2045 1416 2069 con·

147 2103 347 2134 secuturos.
407 2099 441 2133 (5.
463 2097 553 2133 Rex
569 2102 699 2134 autem
718 2096 757 2133 in
772 2110 847 2146 qua
865 2110 963 2134 nave
979 2097 1188 2140 veheretur,
1206 2103 1250 2133 ut
1269 2096 1415 2140 scirent,

148 2174 186 2198 se
204 2160 394 2198 facturum
410 2173 418 2206 ;
448 2174 561 2210 quem
580 2160 610 2197 si
630 2167 698 2197 aut
717 2160 909 2210 cepissent,
931 2167 998 2198 aut
1017 2160 1296 2204 interfecissent,
1313 2173 1417 2208 mag-

148 2237 196 2262 no
214 2225 273 2262 his
290 2224 487 2275 pollicetur
505 2224 657 2274 praemio
677 2224 762 2261 fore.

708 2375 864 2382 ——-
