1575 2771
139 204 192 240 32
562 213 759 240 conmuni
790 213 977 239 NEPOTIS.
1279 196 1340 251 [5‚
1363 202 1390 239 6

138 302 217 350 ejus
234 300 479 340 interficiendi
498 315 660 351 quaerere
679 301 936 338 instituerunt.
994 302 1029 336 2.
1051 298 1099 337 Id
1117 299 1306 338 Alcibiadi
1324 299 1397 338 diu·

139 365 213 402 tius
239 366 352 402 celari
378 379 452 403 non
480 365 630 415 potuit:
660 371 742 402 erat
769 364 871 401 enim
898 378 944 401 ea
970 364 1188 412 sagacitate,
1214 370 1259 401 ut
1285 363 1402 414 decipi

139 443 212 466 non
233 435 365 478 posset,
389 428 596 478 praesertim
619 442 737 477 quum
760 427 931 464 animum
955 425 1176 464 attendisset
1199 426 1248 464 ad
1273 441 1405 465 caven·

139 491 241 530 dum.
298 493 434 542 Itaque
463 491 511 529 ad
534 493 836 541 Tissaphernem,
860 490 1079 540 praefectum
1106 491 1202 539 regis
1224 491 1343 535 Darii,
1367 505 1405 528 se

138 556 309 594 contulit.
366 558 401 593 3.
433 556 552 604 Cujus
574 569 694 604 quum
715 556 756 593 in
776 555 956 592 intimam
984 554 1194 591 amicitiam
1221 555 1404 604 pervenis-

138 629 205 664 set,
226 627 264 658 et
286 620 587 663 Atheniensium,
611 621 711 657 male
733 619 846 668 gestis
872 619 912 656 in
941 618 1070 656 Sicilia.
1097 617 1217 662 rebus,
1241 631 1327 668 opes
1354 632 1405 655 se-

137 699 296 728 nescere,
331 691 461 722 contra
493 683 867 721 Lacedaemoniorum
899 696 1060 720 crescere
1091 681 1261 719 videret:
1299 682 1406 719 initio

138 761 228 785 cum
241 747 423 784 Pisandro
442 754 608 796 praetore,
626 747 690 796 qui
709 746 810 796 apud
827 747 988 784 Samum
1003 746 1212 783 exercitum
1226 745 1403 787 habebat,-

138 824 203 859 per
216 811 465 849 internuntios
480 811 711 859 colloquitur,
725 817 763 847 et
778 809 824 846 de
838 809 962 846 reditu
977 823 1040 846 suo
1056 810 1146 846 facit
1161 810 1402 847 mentionem.

139 875 236 910 Erat
255 874 357 910 enim
375 872 514 917 eodem,
530 888 601 923 quo
620 872 846 916 Alcibiades,
863 887 983 916 senSU,
996 873 1124 922 populi
1142 873 1317 922 potentiae
1332 887 1406 910 non

140 937 294 981 amicus,
311 943 349 974 et
365 938 594 990 optimatum
608 937 742 974 fautor.
790 940 827 973 4.
849 935 912 973 Ab
930 937 1000 973 hoc
1020 934 1223 973 destitutus
1241 936 1405 985 primum

139 1015 203 1050 per
232 1000 525 1050 Thrasybulum,
550 1000 647 1049 Lyci
674 1000 806 1043 filium,
836 1000 884 1036 ab
912 999 1078 1036 exercitu
1106 999 1293 1048 recipitur,
1317 1013 1406 1049 prae-

139 1073 269 1115 torque
283 1066 326 1102 fit
343 1064 443 1115 apud
460 1066 621 1102 Samum
637 1077 644 1109 ;
669 1070 762 1113 post,
779 1064 1011 1112 suffragante
1026 1064 1276 1106 Theramene,
1293 1077 1406 1112 popu-

139 1129 257 1166 liscito
284 1129 505 1172 restituitur,
534 1128 690 1177 parique
719 1126 851 1164 absens
877 1127 1031 1176 imperio
1061 1127 1262 1176 praeficitur
1294 1127 1404 1164 simul

140 1205 227 1229 cum
243 1191 478 1241 Thrasybulo
494 1198 533 1228 et
549 1192 800 1228 Theramene.
850 1193 885 1227 5.
907 1190 1057 1227 Horum
1071 1190 1112 1227 in
1124 1190 1280 1239 imperio
1295 1196 1406 1228 tanta

140 1256 385 1293 commutatio
414 1268 540 1292 rerum
567 1255 670 1292 sacta
697 1260 764 1298 est,
794 1260 838 1291 ut
865 1252 1155 1297 Lacedaemonii,
1185 1254 1249 1302 qui
1280 1254 1408 1303 paullo

140 1326 227 1356 ante
255 1320 414 1356 victores
440 1319 652 1367 viguerant,
680 1318 870 1368 perterriti
901 1331 1035 1367 pacem
1067 1324 1248 1367 peterent.
1304 1317 1405 1355 Victi

139 1384 240 1421 enim
262 1390 369 1420 erant
391 1383 553 1432 quinque
575 1383 712 1432 proeliis
730 1382 976 1425 terrestribus,
998 1382 1119 1419 tribus
1137 1381 1347 1425 navalibus,
1368 1382 1407 1419 in

139 1447 272 1496 quibus
303 1446 485 1483 ducentas
516 1460 632 1483 naves
664 1446 836 1483 triremes
864 1446 1078 1489 amiserant,
1109 1459 1189 1494 quae
1219 1454 1338 1494 cas-³:1-
1369 1446 1407 1483 in

139 1511 303 1547 hostium
320 1517 502 1547 venerant
520 1516 757 1559 potestatem.
808 1511 842 1546 6.
864 1508 1080 1546 Alcibiades
1099 1509 1210 1546 simul
1230 1523 1316 1546 cur-2
1337 1510 1406 1546 col-

139 1574 230 1622 legis
243 1580 432 1623 receperat
448 1574 607 1617 Ioniam,
624 1573 925 1622 Hellespontum,
942 1573 1084 1609 multas
1102 1579 1283 1622 praeterea
1297 1572 1406 1610 urbes

141 1638 304 1680 Graecas,
329 1651 410 1686 quae
437 1637 478 1674 in
504 1651 570 1673 ora
596 1637 677 1673 sitae
705 1642 791 1673 sunt
818 1636 930 1679 Asiae,
955 1649 1116 1684 quarum
1144 1642 1407 1684 expugnarant

140 1701 357 1750 complures,
377 1701 417 1737 in
439 1700 498 1737 his
517 1700 772 1750 Byzantium;
801 1713 922 1748 neque
944 1699 1071 1736 minus
1091 1700 1235 1736 multas
1257 1699 1407 1736 consilio

140 1763 188 1802 ad
208 1764 417 1801 amicitiam
437 1763 699 1812 adjunxerant,
717 1762 814 1812 quod
833 1763 872 1800 in
891 1769 1020 1812 captos
1040 1763 1241 1799 clementia
1259 1763 1408 1800 fuerant

141 1828 206 1865 usi.
264 1829 299 1864 7.
330 1828 395 1864 Ita
412 1826 540 1876 praeda
558 1827 692 1870 onusti,
713 1827 941 1875 locupletato
960 1825 1138 1869 exercitu,
1159 1826 1336 1863 maximis
1354 1839 1408 1863 re-

139 1893 210 1928 bus
228 1891 352 1940 gestis,
374 1891 548 1927 Athenas
566 1896 762 1927 venerunt.

597 2072 840 2110 CAPUT
877 2072 959 2110 VI.

197 2153 229 2186 1.
251 2148 326 2186 H1s
345 2162 462 2197 quum
481 2146 634 2185 obviam
652 2147 829 2184 universa
847 2147 983 2185 civitas
1001 2147 1041 2184 in
1054 2147 1242 2184 Piraeeum
1261 2145 1409 2185 descen-

140 2213 262 2257 disset,
284 2218 396 2249 tanta
418 2211 490 2248 fuit
512 2211 681 2248 omnium
709 2210 938 2259 exspectatio
960 2209 1103 2247 visendi
1126 2209 1343 2255 Alcibiadis,
1363 2217 1408 2248 ut

141 2275 189 2314 ad
217 2277 295 2324 ejus
318 2275 510 2312 triremem
532 2275 669 2323 vulgus
690 2274 905 2318 conflueret,
929 2273 1081 2323 proinde
1108 2288 1152 2311 ac
1174 2274 1205 2312 si
1226 2275 1324 2312 solus
1346 2273 1408 2312 ad-

140 2340 311 2377 venisset.
370 2341 405 2375 2.
438 2338 500 2375 Sic
528 2338 630 2375 enim
656 2339 790 2387 populo
813 2344 895 2375 erat
917 2352 1147 2387 persuasum,
1172 2345 1210 2376 et
1234 2337 1408 2376 adversas

140 2403 352 2452 superiores,
382 2409 421 2439 et
452 2408 651 2451 praesentes
678 2400 858 2438 secundas
884 2415 942 2438 res
971 2400 1143 2438 accidisse
1171 2402 1251 2450 ejus
1283 2415 1405 2450 opera.

141 2467 275 2515 ltaque
309 2472 346 2502 et
377 2465 512 2502 Siciliae
542 2465 734 2509 amissum,
764 2472 802 2503 et
831 2463 1204 2502 Lacedaemoniorum
1233 2465 1406 2502 victorias
