1575 2771
289 130 368 168 130
706 141 902 169 οοιὶηιςιῐι
932 142 1119 176 umoris
1369 127 1456 184 [10,
1479 135 1544 174 11.

339 233 376 267 4.
409 230 601 268 Scandula
628 235 840 266 contectam
867 228 979 266 fuisse
1000 229 1170 267 Romam
1195 243 1311 280 usque
1334 230 1383 269 ad
1403 231 1547 273 bellum

285 295 421 346 Pyrrhi
441 296 549 333 annis
569 293 858 336 CCCCLXX„
876 292 988 330 Corn.
1006 292 1134 342 Nepos
1153 300 1282 331 auctor
1299 301 1366 333 est.
1418 296 1545 343 Plin„

289 361 349 403 16,
373 361 435 397 10.

339 424 375 458 5.
406 421 518 458 Corn.
539 421 669 470 Nepos
690 420 816 462 tradit,
838 426 925 456 ante
950 419 1065 456 Sullae
1083 419 1281 456 'victoriam
1302 419 1376 458 duo
1394 428 1548 461 tantum

285 485 450 523 triclinia.
467 485 602 522 Romae
621 483 732 521 fuisse
753 489 940 531 argentea.
998 481 1124 526 Plin„
1146 484 1207 526 33,
1232 486 1277 519 11
1300 481 1398 534 (52).

339 551 374 585 6.
403 548 558 586 Primus
584 547 729 585 invenit
757 560 820 583 eas
841 545 992 597 (lineas)
1015 546 1187 590 colorare,
1212 552 1319 590 testa,
1342 553 1387 584 ut
1413 547 1547 594 ferunt,

284 612 386 655 trita,
419 612 670 661 Cleophantes
704 610 932 647 Corinthius.
988 609 1104 646 Hunc
1138 615 1205 646 aut
1237 608 1368 647 eodem
1399 610 1549 649 nomine

285 675 405 712 alium
431 674 554 717 fuisse,
580 687 692 722 quem
714 674 829 710 tradit
853 673 964 710 Corn.
985 672 1113 722 Nepos
1135 679 1308 710 secutum
1329 674 1368 710 in
1391 674 1550 713 Italiam

285 737 549 780 Demaratum,
568 737 766 785 Tarquinii
784 737 914 780 Prisci,
930 736 1099 773 Romani
1117 737 1223 786 regis,
1239 744 1389 787 patrem
1406 739 1548 788 fugien-

283 806 363 838 tem
391 813 414 837 a
443 800 624 837 Corintho
652 799 808 848 injurias
837 799 988 849 Cypseli
1015 801 1177 849 tyranni,
1205 814 1294 838 mox
1322 803 1546 841 docebimus.

286 862 413 907 Plin„
435 865 496 907 35,
518 865 540 900 3
562 861 633 913 (4).

337 928 374 963 7.
397 927 572 964 Primum
594 926 731 963 Romae
753 926 914 976 parietes
934 932 1060 963 crusta
1078 927 1275 964 marmoris
1293 928 1478 977 operuisse
1496 935 1549 966 to-

283 990 359 1028 tius
381 987 512 1027 domus
538 1003 613 1026 suae
635 990 676 1026 in
699 990 815 1026 Coelio
843 996 969 1026 monte
993 990 1104 1026 Corn.
1128 990 1257 1039 Nepos
1284 991 1440 1028 tradidit
1462 992 1546 1029 Ma-

283 1067 465 1097 murram,
497 1053 660 1090 Formiis
691 1059 836 1096 natum,
871 1053 1036 1101 equitem
1068 1052 1301 1097 Romanum,
1330 1054 1548 1103 praefectum

284 1116 436 1154 fabrum
452 1117 496 1153 C.
513 1116 671 1154 Caesaris
689 1116 730 1153 in
745 1116 984 1153 Gallia—N
987 1129 1123 1165 amque
1143 1117 1279 1165 adjecit
1293 1115 1394 1154 idem
1407 1117 1547 1167 Nepos,

283 1193 372 1217 eum
389 1180 555 1229 primum
569 1179 658 1216 totis
673 1179 813 1216 aedibus
827 1179 984 1222 nuliam,
999 1178 1071 1216 nisi
1086 1192 1106 1216 e
1120 1182 1317 1224 marmore,
1332 1180 1549 1219 columnam

282 1244 466 1287 habuisse,
488 1257 615 1281 omnes
633 1241 769 1280 solidas
788 1256 809 1279 e
828 1242 1000 1295 Carystio
1020 1249 1088 1281 aut
1106 1242 1287 1281 Lunensi.
1336 1242 1463 1288 Plin„
1483 1245 1546 1288 36,

285 1309 307 1344 6
328 1306 400 1358 (7).

733 1489 974 1526 CAPUT
1015 1489 1101 1526 XI.

341 1568 373 1601 1.
398 1564 516 1601 AEms
538 1564 697 1601 Minus
723 1569 780 1600 est
801 1563 842 1600 in
869 1563 964 1600 circo
987 1563 1204 1600 Flaminino
1228 1562 1478 1601 architectata
1499 1562 1548 1601 ab

284 1629 517 1667 Hermodoro
539 1627 759 1665 Salaminio.
816 1627 957 1671 Prisc„
976 1627 1040 1664 lib.
1064 1628 1099 1670 8,
1120 1627 1188 1663 eol.
1211 1627 1300 1663 792.

336 1694 372 1728 2.
403 1691 495 1729 Non
523 1691 685 1740 amplius
707 1697 765 1728 ter
785 1689 910 1727 bibere
933 1691 1153 1738 Augustum
1175 1689 1327 1727 solitum
1349 1703 1458 1740 super
1479 1703 1547 1728 ooe-

281 1768 373 1794 nam
392 1755 432 1793 in
453 1755 584 1792 castris
607 1753 709 1804 apud
727 1754 936 1797 Mutinam,
958 1753 1070 1790 Corn.
1091 1753 1219 1803 Nepos
1238 1753 1365 1790 tradit.
1425 1753 1546 1799 Suet„

282 1821 346 1856 Au
377 1848 397 1862 .,
418 1831 448 1856 c.
472 1819 534 1855 77.

335 1832 373 1918 ΒΞ
401 1881 450 1918 In
468 1886 640 1918 extrema
658 1879 865 1917 Britanniae
883 1886 991 1929 parte
1010 1879 1196 1923 Memma,
1216 1892 1332 1928 quam
1352 1879 1545 1917 Cornelius

280 1945 409 1988 etiam,
426 1944 638 1981 Annalium
654 1943 819 1993 scriptor,
835 1949 965 1981 narrat
978 1943 1142 1980 metallis
1156 1942 1327 1992 plurimis
1346 1942 1542 1992 copiosam,

280 2006 405 2045 herbis
432 2007 664 2056 frequentem
691 2013 729 2043 et
757 2006 816 2043 his
844 2006 1062 2044 feraciorem
1089 2005 1271 2050 omnibus,
1301 2019 1382 2055 quae
1409 2019 1544 2055 pecora

279 2070 410 2119 magis,
439 2083 554 2120 quam
587 2070 757 2107 homines
790 2071 907 2107 alant.
964 2070 1065 2108 Labi
1093 2084 1181 2107 vero
1212 2084 1278 2120 per
1305 2084 1391 2108 eam
1419 2072 1544 2108 multa

279 2147 397 2183 quam
429 2134 600 2170 maxima
627 2134 817 2183 relabique
849 2133 1020 2178 flumina,
1049 2147 1217 2183 gemmas
1249 2134 1544 2184 margaritasque

281 2197 481 2234 volventia.
538 2197 764 2242 Jornandes,
783 2197 842 2235 De
861 2196 961 2235 Reb.
979 2197 1144 2242 Gothic„
1161 2211 1192 2235 e.
1215 2200 1250 2234 2.
1308 2197 1368 2236 Cf.
1391 2199 1439 2236 ad
1457 2199 1495 2236 h.
1515 2199 1529 2235 1

280 2260 415 2299 Tzseh.
436 2261 506 2305 ed„
525 2274 562 2311 p.
585 2263 673 2298 226.
